<?xml version="1.0" encoding="UTF-8"?>
<!DOCTYPE html PUBLIC "-//W3C//DTD XHTML 1.0 Transitional//EN"
    "http://www.w3.org/TR/xhtml1/DTD/xhtml1-transitional.dtd">
<html xmlns="http://www.w3.org/1999/xhtml" xml:lang="en" lang="en">
 <head>
  <title>
</title>
<meta http-equiv="Content-Type" content="text/html;charset=utf-8" />
  <meta name='ocr-system' content='tesseract 3.04.00' />
  <meta name='ocr-capabilities' content='ocr_page ocr_carea ocr_par ocr_line ocrx_word'/>
</head>
<body>
  <div class='ocr_page' id='page_1' title='image "./deanimaruminpoe00mendgoog_0046.png"; bbox 0 0 3242 5059; ppageno 0'>
   <div class='ocr_carea' id='block_1_1' title="bbox 1531 403 1969 479">
    <p class='ocr_par' dir='ltr' id='par_1_1' title="bbox 1531 403 1969 479">
     <span class='ocr_line' id='line_1_1' title="bbox 1531 403 1969 479; baseline 0 -18"><span class='ocrx_word' id='word_1_1' title='bbox 1531 403 1969 479; x_wconf 42' lang='lat' dir='ltr'><strong>mag..</strong></span> 
     </span>
    </p>
   </div>
   <div class='ocr_carea' id='block_1_2' title="bbox 609 608 2883 4005">
    <p class='ocr_par' dir='ltr' id='par_1_2' title="bbox 635 608 2883 1015">
     <span class='ocr_line' id='line_1_2' title="bbox 951 608 1763 694; baseline 0.001 -23"><span class='ocrx_word' id='word_1_2' title='bbox 951 608 1024 671; x_wconf 78' lang='lat' dir='ltr'><strong>in</strong></span> <span class='ocrx_word' id='word_1_3' title='bbox 1067 610 1300 672; x_wconf 74' lang='lat' dir='ltr'><strong>somnis</strong></span> <span class='ocrx_word' id='word_1_4' title='bbox 1343 611 1510 672; x_wconf 76' lang='lat' dir='ltr'><strong>venit</strong></span> <span class='ocrx_word' id='word_1_5' title='bbox 1554 611 1763 694; x_wconf 73' lang='lat' dir='ltr'><strong>imayo</strong></span> 
     </span>
     <span class='ocr_line' id='line_1_3' title="bbox 635 713 2880 801; baseline 0 -22"><span class='ocrx_word' id='word_1_6' title='bbox 635 717 733 795; x_wconf 90' lang='lat' dir='ltr'><strong>(ut</strong></span> <span class='ocrx_word' id='word_1_7' title='bbox 805 715 973 799; x_wconf 85' lang='lat' dir='ltr'><strong>apud</strong></span> <span class='ocrx_word' id='word_1_8' title='bbox 1037 716 1408 781; x_wconf 81' lang='lat' dir='ltr'><strong>Homerum:</strong></span> <span class='ocrx_word' id='word_1_9' title='bbox 1481 713 1632 799; x_wconf 78' lang='grc' dir='ltr'><strong>ἦλθε</strong></span> <span class='ocrx_word' id='word_1_10' title='bbox 1676 714 1827 780; x_wconf 81' lang='grc' dir='ltr'>δ’ἐπὶ</span> <span class='ocrx_word' id='word_1_11' title='bbox 1879 716 2068 801; x_wconf 85' lang='grc' dir='ltr'>ψυχὴ)</span> <span class='ocrx_word' id='word_1_12' title='bbox 2146 736 2506 800; x_wconf 87' lang='lat' dir='ltr'><strong>expressum</strong></span> <span class='ocrx_word' id='word_1_13' title='bbox 2576 714 2880 799; x_wconf 78' lang='lat' dir='ltr'><strong>legimus,</strong></span> 
     </span>
     <span class='ocr_line' id='line_1_4' title="bbox 635 820 2883 907; baseline -0.001 -20"><span class='ocrx_word' id='word_1_14' title='bbox 635 822 830 887; x_wconf 87' lang='lat' dir='ltr'><strong>Poeta</strong></span> <span class='ocrx_word' id='word_1_15' title='bbox 873 820 1044 887; x_wconf 91' lang='lat' dir='ltr'><strong>hunc</strong></span> <span class='ocrx_word' id='word_1_16' title='bbox 1089 840 1415 890; x_wconf 86' lang='lat' dir='ltr'><strong>ascensum</strong></span> <span class='ocrx_word' id='word_1_17' title='bbox 1462 823 1707 907; x_wconf 82' lang='lat' dir='ltr'><strong>finge-ns</strong></span> <span class='ocrx_word' id='word_1_18' title='bbox 1754 822 2184 888; x_wconf 84' lang='lat' dir='ltr'><strong>misericordia</strong></span> <span class='ocrx_word' id='word_1_19' title='bbox 2232 822 2480 889; x_wconf 83' lang='lat' dir='ltr'><strong>afficere</strong></span> <span class='ocrx_word' id='word_1_20' title='bbox 2504 822 2783 906; x_wconf 88' lang='lat' dir='ltr'><strong>legentes</strong></span> <span class='ocrx_word' id='word_1_21' title='bbox 2820 824 2883 885; x_wconf 90' lang='lat' dir='ltr'><strong>et</strong></span> 
     </span>
     <span class='ocr_line' id='line_1_5' title="bbox 636 929 2695 1015; baseline 0 -22"><span class='ocrx_word' id='word_1_22' title='bbox 636 929 1064 995; x_wconf 88' lang='lat' dir='ltr'><strong>demonstrare</strong></span> <span class='ocrx_word' id='word_1_23' title='bbox 1109 929 1330 1011; x_wconf 85' lang='lat' dir='ltr'><strong>voluit,</strong></span> <span class='ocrx_word' id='word_1_24' title='bbox 1381 933 1763 1015; x_wconf 83' lang='lat' dir='ltr'><strong>quantopere</strong></span> <span class='ocrx_word' id='word_1_25' title='bbox 1812 929 1977 995; x_wconf 92' lang='lat' dir='ltr'><strong>Dido</strong></span> <span class='ocrx_word' id='word_1_26' title='bbox 2024 930 2323 995; x_wconf 89' lang='lat' dir='ltr'><strong>maritum</strong></span> <span class='ocrx_word' id='word_1_27' title='bbox 2371 929 2695 995; x_wconf 86' lang='lat' dir='ltr'><strong>amaverit.</strong></span> 
     </span>
    </p>

    <p class='ocr_par' dir='ltr' id='par_1_3' title="bbox 625 1035 2881 2064">
     <span class='ocr_line' id='line_1_6' title="bbox 815 1035 2881 1121; baseline -0.001 -20"><span class='ocrx_word' id='word_1_28' title='bbox 815 1036 972 1101; x_wconf 94' lang='lat' dir='ltr'><strong>Iuno</strong></span> <span class='ocrx_word' id='word_1_29' title='bbox 1039 1035 1136 1101; x_wconf 85' lang='lat' dir='ltr'><strong>ira</strong></span> <span class='ocrx_word' id='word_1_30' title='bbox 1197 1036 1476 1102; x_wconf 82' lang='lat' dir='ltr'><strong>nondum</strong></span> <span class='ocrx_word' id='word_1_31' title='bbox 1545 1037 1753 1121; x_wconf 88' lang='lat' dir='ltr'><strong>posita</strong></span> <span class='ocrx_word' id='word_1_32' title='bbox 1808 1037 1965 1105; x_wconf 87' lang='lat' dir='ltr'><strong>Irim·</strong></span> <span class='ocrx_word' id='word_1_33' title='bbox 2011 1038 2087 1101; x_wconf 91' lang='lat' dir='ltr'><strong>ad</strong></span> <span class='ocrx_word' id='word_1_34' title='bbox 2138 1036 2399 1101; x_wconf 78' lang='lat' dir='ltr'><strong>classem</strong></span> <span class='ocrx_word' id='word_1_35' title='bbox 2448 1036 2672 1117; x_wconf 88' lang='lat' dir='ltr'><strong>mittit,</strong></span> <span class='ocrx_word' id='word_1_36' title='bbox 2720 1053 2881 1119; x_wconf 89' lang='lat' dir='ltr'><strong>quae</strong></span> 
     </span>
     <span class='ocr_line' id='line_1_7' title="bbox 635 1138 2875 1225; baseline 0 -19"><span class='ocrx_word' id='word_1_37' title='bbox 635 1142 869 1209; x_wconf 87' lang='lat' dir='ltr'><strong>Beroae</strong></span> <span class='ocrx_word' id='word_1_38' title='bbox 915 1144 1077 1210; x_wconf 86' lang='lat' dir='ltr'><strong>facie</strong></span> <span class='ocrx_word' id='word_1_39' title='bbox 1123 1138 1348 1209; x_wconf 83' lang='lat' dir='ltr'><strong>induta</strong></span> <span class='ocrx_word' id='word_1_40' title='bbox 1395 1145 1693 1210; x_wconf 83' lang='lat' dir='ltr'><strong>mulieres</strong></span> <span class='ocrx_word' id='word_1_41' title='bbox 1740 1144 2063 1225; x_wconf 77' lang='lat' dir='ltr'><strong>Troiaua8‚</strong></span> <span class='ocrx_word' id='word_1_42' title='bbox 2135 1146 2208 1209; x_wconf 91' lang='lat' dir='ltr'><strong>ut</strong></span> <span class='ocrx_word' id='word_1_43' title='bbox 2252 1163 2439 1209; x_wconf 89' lang='lat' dir='ltr'><strong>naves</strong></span> <span class='ocrx_word' id='word_1_44' title='bbox 2490 1143 2875 1224; x_wconf 81' lang='lat' dir='ltr'>comburant,</span> 
     </span>
     <span class='ocr_line' id='line_1_8' title="bbox 637 1250 2876 1336; baseline 0 -22"><span class='ocrx_word' id='word_1_45' title='bbox 637 1250 864 1315; x_wconf 89' lang='lat' dir='ltr'><strong>incitat</strong></span> <span class='ocrx_word' id='word_1_46' title='bbox 910 1252 992 1332; x_wconf 91' lang='lat' dir='ltr'><strong>(V</strong></span> <span class='ocrx_word' id='word_1_47' title='bbox 1039 1251 1166 1316; x_wconf 84' lang='lat'><strong>636</strong></span> <span class='ocrx_word' id='word_1_48' title='bbox 1216 1256 1408 1336; x_wconf 81' lang='lat' dir='ltr'><strong>sqq.);</strong></span> <span class='ocrx_word' id='word_1_49' title='bbox 1458 1250 1844 1317; x_wconf 80' lang='lat' dir='ltr'><strong>Cassandrae</strong></span> <span class='ocrx_word' id='word_1_50' title='bbox 1891 1251 2298 1319; x_wconf 82' lang='lat' dir='ltr'><strong>simulacrum</strong></span> <span class='ocrx_word' id='word_1_51' title='bbox 2332 1250 2454 1316; x_wconf 89' lang='lat' dir='ltr'><strong>sibi</strong></span> <span class='ocrx_word' id='word_1_52' title='bbox 2500 1251 2565 1316; x_wconf 86' lang='lat' dir='ltr'><strong>in</strong></span> <span class='ocrx_word' id='word_1_53' title='bbox 2617 1250 2876 1315; x_wconf 89' lang='lat' dir='ltr'><strong>somniis</strong></span> 
     </span>
     <span class='ocr_line' id='line_1_9' title="bbox 637 1354 2878 1442; baseline 0 -21"><span class='ocrx_word' id='word_1_54' title='bbox 637 1357 804 1422; x_wconf 85' lang='lat' dir='ltr'><strong>faces</strong></span> <span class='ocrx_word' id='word_1_55' title='bbox 875 1358 1162 1424; x_wconf 79' lang='lat' dir='ltr'><strong>ardentes</strong></span> <span class='ocrx_word' id='word_1_56' title='bbox 1223 1360 1518 1442; x_wconf 87' lang='lat' dir='ltr'><strong>praebere</strong></span> <span class='ocrx_word' id='word_1_57' title='bbox 1594 1358 1797 1424; x_wconf 87' lang='lat' dir='ltr'><strong>visum</strong></span> <span class='ocrx_word' id='word_1_58' title='bbox 1870 1378 2005 1424; x_wconf 90' lang='lat' dir='ltr'><strong>esse</strong></span> <span class='ocrx_word' id='word_1_59' title='bbox 2073 1360 2328 1423; x_wconf 90' lang='lat' dir='ltr'><strong>nuntiat</strong></span> <span class='ocrx_word' id='word_1_60' title='bbox 2397 1358 2608 1423; x_wconf 89' lang='lat' dir='ltr'><strong>Beroe.</strong></span> <span class='ocrx_word' id='word_1_61' title='bbox 2707 1354 2878 1435; x_wconf 85' lang='lat' dir='ltr'><strong>Quae</strong></span> 
     </span>
     <span class='ocr_line' id='line_1_10' title="bbox 639 1452 2877 1549; baseline 0 -20"><span class='ocrx_word' id='word_1_62' title='bbox 639 1464 875 1548; x_wconf 86' lang='lat' dir='ltr'><strong>species</strong></span> <span class='ocrx_word' id='word_1_63' title='bbox 947 1467 1010 1529; x_wconf 89' lang='lat' dir='ltr'><strong>et</strong></span> <span class='ocrx_word' id='word_1_64' title='bbox 1077 1461 1340 1530; x_wconf 86' lang='lat' dir='ltr'><strong>actionis</strong></span> <span class='ocrx_word' id='word_1_65' title='bbox 1386 1465 1799 1531; x_wconf 88' lang='lat' dir='ltr'><strong>retardandae</strong></span> <span class='ocrx_word' id='word_1_66' title='bbox 1846 1484 2033 1531; x_wconf 89' lang='lat' dir='ltr'><strong>causa</strong></span> <span class='ocrx_word' id='word_1_67' title='bbox 2102 1484 2138 1529; x_wconf 84' lang='lat' dir='ltr'><strong>a</strong></span> <span class='ocrx_word' id='word_1_68' title='bbox 2184 1467 2365 1549; x_wconf 88' lang='lat' dir='ltr'><strong>poeta</strong></span> <span class='ocrx_word' id='word_1_69' title='bbox 2398 1452 2755 1545; x_wconf 85' lang='lat' dir='ltr'><strong>adhibetur,</strong></span> <span class='ocrx_word' id='word_1_70' title='bbox 2803 1467 2877 1529; x_wconf 94' lang='lat' dir='ltr'><strong>ut</strong></span> 
     </span>
     <span class='ocr_line' id='line_1_11' title="bbox 641 1570 2878 1645; baseline 0 -11"><span class='ocrx_word' id='word_1_71' title='bbox 641 1572 882 1635; x_wconf 84' lang='lat' dir='ltr'><strong>Aeneas</strong></span> <span class='ocrx_word' id='word_1_72' title='bbox 930 1571 1196 1637; x_wconf 83' lang='lat' dir='ltr'><strong>navibus</strong></span> <span class='ocrx_word' id='word_1_73' title='bbox 1244 1571 1588 1637; x_wconf 89' lang='lat' dir='ltr'><strong>combustis</strong></span> <span class='ocrx_word' id='word_1_74' title='bbox 1621 1572 1687 1636; x_wconf 91' lang='lat' dir='ltr'><strong>in</strong></span> <span class='ocrx_word' id='word_1_75' title='bbox 1714 1570 1934 1637; x_wconf 90' lang='lat' dir='ltr'><strong>Sicilia</strong></span> <span class='ocrx_word' id='word_1_76' title='bbox 1974 1572 2319 1638; x_wconf 79' lang='lat' dir='ltr'><strong>retineatur</strong></span> <span class='ocrx_word' id='word_1_77' title='bbox 2365 1574 2429 1635; x_wconf 89' lang='lat' dir='ltr'><strong>et</strong></span> <span class='ocrx_word' id='word_1_78' title='bbox 2470 1571 2728 1635; x_wconf 90' lang='lat' dir='ltr'><strong>Iunonis</strong></span> <span class='ocrx_word' id='word_1_79' title='bbox 2760 1572 2878 1645; x_wconf 76' lang='lat' dir='ltr'><strong>ira.</strong></span> 
     </span>
     <span class='ocr_line' id='line_1_12' title="bbox 639 1677 2874 1762; baseline 0 -21"><span class='ocrx_word' id='word_1_80' title='bbox 639 1694 798 1762; x_wconf 89' lang='lat' dir='ltr'><strong>quae</strong></span> <span class='ocrx_word' id='word_1_81' title='bbox 845 1678 1124 1742; x_wconf 91' lang='lat' dir='ltr'><strong>omnium</strong></span> <span class='ocrx_word' id='word_1_82' title='bbox 1175 1677 1238 1741; x_wconf 93' lang='lat' dir='ltr'><strong>in</strong></span> <span class='ocrx_word' id='word_1_83' title='bbox 1285 1677 1566 1742; x_wconf 87' lang='lat' dir='ltr'><strong>carmine</strong></span> <span class='ocrx_word' id='word_1_84' title='bbox 1628 1678 1939 1743; x_wconf 86' lang='lat' dir='ltr'><strong>malorum</strong></span> <span class='ocrx_word' id='word_1_85' title='bbox 1988 1696 2176 1743; x_wconf 89' lang='lat' dir='ltr'><strong>causa</strong></span> <span class='ocrx_word' id='word_1_86' title='bbox 2222 1678 2337 1757; x_wconf 86' lang='lat' dir='ltr'><strong>est,</strong></span> <span class='ocrx_word' id='word_1_87' title='bbox 2384 1677 2721 1742; x_wconf 81' lang='lat' dir='ltr'><strong>manifesta</strong></span> <span class='ocrx_word' id='word_1_88' title='bbox 2769 1677 2874 1741; x_wconf 89' lang='lat' dir='ltr'><strong>sit.</strong></span> 
     </span>
     <span class='ocr_line' id='line_1_13' title="bbox 632 1782 2874 1869; baseline 0 -21"><span class='ocrx_word' id='word_1_89' title='bbox 632 1782 983 1849; x_wconf 86' lang='lat' dir='ltr'><strong>Cassandra</strong></span> <span class='ocrx_word' id='word_1_90' title='bbox 1030 1786 1174 1869; x_wconf 88' lang='lat' dir='ltr'><strong>apte</strong></span> <span class='ocrx_word' id='word_1_91' title='bbox 1221 1783 1542 1869; x_wconf 87' lang='lat' dir='ltr'><strong>Vergilius</strong></span> <span class='ocrx_word' id='word_1_92' title='bbox 1589 1785 1815 1867; x_wconf 89' lang='lat' dir='ltr'><strong>utitur,</strong></span> <span class='ocrx_word' id='word_1_93' title='bbox 1886 1783 2119 1869; x_wconf 89' lang='lat' dir='ltr'><strong>quippe</strong></span> <span class='ocrx_word' id='word_1_94' title='bbox 2189 1803 2347 1869; x_wconf 85' lang='lat' dir='ltr'><strong>quae</strong></span> <span class='ocrx_word' id='word_1_95' title='bbox 2403 1786 2477 1849; x_wconf 89' lang='lat' dir='ltr'><strong>ut</strong></span> <span class='ocrx_word' id='word_1_96' title='bbox 2523 1783 2874 1849; x_wconf 89' lang='lat' dir='ltr'><strong>clarissima</strong></span> 
     </span>
     <span class='ocr_line' id='line_1_14' title="bbox 625 1891 2875 1974; baseline 0 -20"><span class='ocrx_word' id='word_1_97' title='bbox 625 1891 808 1956; x_wconf 55' lang='lat' dir='ltr'><strong>‘vates</strong></span> <span class='ocrx_word' id='word_1_98' title='bbox 855 1891 1205 1974; x_wconf 86' lang='lat' dir='ltr'><strong>plurimum</strong></span> <span class='ocrx_word' id='word_1_99' title='bbox 1244 1891 1464 1957; x_wconf 88' lang='lat' dir='ltr'><strong>valeat.</strong></span> <span class='ocrx_word' id='word_1_100' title='bbox 1539 1892 1663 1973; x_wconf 88' lang='lat' dir='ltr'><strong>Qui</strong></span> <span class='ocrx_word' id='word_1_101' title='bbox 1712 1893 2119 1957; x_wconf 89' lang='lat' dir='ltr'><strong>brevissimus</strong></span> <span class='ocrx_word' id='word_1_102' title='bbox 2152 1910 2446 1957; x_wconf 84' lang='lat' dir='ltr'><strong>ascensus</strong></span> <span class='ocrx_word' id='word_1_103' title='bbox 2481 1891 2675 1957; x_wconf 92' lang='lat' dir='ltr'><strong>nullis</strong></span> <span class='ocrx_word' id='word_1_104' title='bbox 2709 1891 2875 1957; x_wconf 91' lang='lat' dir='ltr'><strong>colo-</strong></span> 
     </span>
     <span class='ocr_line' id='line_1_15' title="bbox 630 1996 1349 2064; baseline 0.001 -2"><span class='ocrx_word' id='word_1_105' title='bbox 630 1996 809 2063; x_wconf 86' lang='lat' dir='ltr'><strong>ribus</strong></span> <span class='ocrx_word' id='word_1_106' title='bbox 858 2000 1186 2063; x_wconf 83' lang='lat' dir='ltr'><strong>exornatus</strong></span> <span class='ocrx_word' id='word_1_107' title='bbox 1234 2000 1349 2064; x_wconf 87' lang='lat' dir='ltr'><strong>est.</strong></span> 
     </span>
    </p>

    <p class='ocr_par' dir='ltr' id='par_1_4' title="bbox 609 2105 2883 3791">
     <span class='ocr_line' id='line_1_16' title="bbox 807 2105 2879 2189; baseline -0.001 -18"><span class='ocrx_word' id='word_1_108' title='bbox 807 2106 1133 2171; x_wconf 85' lang='lat' dir='ltr'><strong>Postremo</strong></span> <span class='ocrx_word' id='word_1_109' title='bbox 1203 2106 1381 2170; x_wconf 90' lang='lat' dir='ltr'><strong>nobis</strong></span> <span class='ocrx_word' id='word_1_110' title='bbox 1451 2106 1851 2176; x_wconf 83' lang='lat' dir='ltr'><strong>tractandum</strong></span> <span class='ocrx_word' id='word_1_111' title='bbox 1921 2108 2018 2170; x_wconf 90' lang='lat' dir='ltr'><strong>est</strong></span> <span class='ocrx_word' id='word_1_112' title='bbox 2084 2105 2287 2171; x_wconf 82' lang='lat' dir='ltr'><strong>Fauni</strong></span> <span class='ocrx_word' id='word_1_113' title='bbox 2357 2106 2678 2171; x_wconf 90' lang='lat' dir='ltr'><strong>oraculum</strong></span> <span class='ocrx_word' id='word_1_114' title='bbox 2725 2105 2879 2189; x_wconf 86' lang='lat' dir='ltr'>(VII</span> 
     </span>
     <span class='ocr_line' id='line_1_17' title="bbox 609 2211 2876 2296; baseline -0 -20"><span class='ocrx_word' id='word_1_115' title='bbox 609 2212 957 2296; x_wconf 57' lang='lat' dir='ltr'><strong>,812qq.).</strong></span> <span class='ocrx_word' id='word_1_116' title='bbox 1054 2211 1179 2277; x_wconf 85' lang='lat' dir='ltr'><strong>Rex</strong></span> <span class='ocrx_word' id='word_1_117' title='bbox 1227 2211 1494 2276; x_wconf 87' lang='lat' dir='ltr'><strong>Latinus</strong></span> <span class='ocrx_word' id='word_1_118' title='bbox 1546 2214 1839 2277; x_wconf 78' lang='lat' dir='ltr'><strong>monstris</strong></span> <span class='ocrx_word' id='word_1_119' title='bbox 1912 2212 2291 2277; x_wconf 86' lang='lat' dir='ltr'><strong>sollicitatus</strong></span> <span class='ocrx_word' id='word_1_120' title='bbox 2354 2213 2677 2277; x_wconf 87' lang='lat' dir='ltr'><strong>consulere</strong></span> <span class='ocrx_word' id='word_1_121' title='bbox 2724 2232 2876 2277; x_wconf 92' lang='lat' dir='ltr'><strong>cou-</strong></span> 
     </span>
     <span class='ocr_line' id='line_1_18' title="bbox 644 2318 2883 2401; baseline 0 -18"><span class='ocrx_word' id='word_1_122' title='bbox 644 2318 856 2383; x_wconf 86' lang='lat' dir='ltr'><strong>stituit</strong></span> <span class='ocrx_word' id='word_1_123' title='bbox 925 2318 1129 2383; x_wconf 88' lang='lat' dir='ltr'><strong>Fauni</strong></span> <span class='ocrx_word' id='word_1_124' title='bbox 1199 2319 1542 2401; x_wconf 86' lang='lat' dir='ltr'><strong>oraculum,</strong></span> <span class='ocrx_word' id='word_1_125' title='bbox 1574 2385 1584 2401; x_wconf 71' lang='grc'><em>,</em></span> <span class='ocrx_word' id='word_1_126' title='bbox 1613 2319 1776 2401; x_wconf 93' lang='lat' dir='ltr'><strong>quod</strong></span> <span class='ocrx_word' id='word_1_127' title='bbox 1846 2318 1957 2382; x_wconf 80' lang='lat' dir='ltr'><strong>sub</strong></span> <span class='ocrx_word' id='word_1_128' title='bbox 2026 2318 2157 2383; x_wconf 74' lang='lat' dir='ltr'><strong>alta</strong></span> <span class='ocrx_word' id='word_1_129' title='bbox 2205 2318 2487 2381; x_wconf 77' lang='lat' dir='ltr'><strong>Albunea</strong></span> <span class='ocrx_word' id='word_1_130' title='bbox 2543 2319 2737 2383; x_wconf 89' lang='lat' dir='ltr'><strong>situm</strong></span> <span class='ocrx_word' id='word_1_131' title='bbox 2784 2321 2883 2384; x_wconf 91' lang='lat' dir='ltr'><strong>est</strong></span> 
     </span>
     <span class='ocr_line' id='line_1_19' title="bbox 633 2412 2871 2510; baseline 0 -21"><span class='ocrx_word' id='word_1_132' title='bbox 633 2425 700 2489; x_wconf 91' lang='lat' dir='ltr'><strong>iu</strong></span> <span class='ocrx_word' id='word_1_133' title='bbox 751 2425 892 2490; x_wconf 93' lang='lat' dir='ltr'><strong>luco</strong></span> <span class='ocrx_word' id='word_1_134' title='bbox 941 2445 1144 2505; x_wconf 81' lang='lat' dir='ltr'><strong>sacr03</strong></span> <span class='ocrx_word' id='word_1_135' title='bbox 1195 2425 1342 2493; x_wconf 88' lang='lat' dir='ltr'><strong>hinc</strong></span> <span class='ocrx_word' id='word_1_136' title='bbox 1388 2426 1693 2490; x_wconf 91' lang='lat' dir='ltr'><strong>Italorum</strong></span> <span class='ocrx_word' id='word_1_137' title='bbox 1743 2412 1959 2509; x_wconf 83' lang='lat' dir='ltr'><strong>gentes</strong></span> <span class='ocrx_word' id='word_1_138' title='bbox 1992 2444 2289 2510; x_wconf 86' lang='lat' dir='ltr'><strong>responsa</strong></span> <span class='ocrx_word' id='word_1_139' title='bbox 2321 2416 2531 2509; x_wconf 62' lang='lat' dir='ltr'><strong>petere</strong></span> <span class='ocrx_word' id='word_1_140' title='bbox 2564 2426 2871 2490; x_wconf 88' lang='lat' dir='ltr'><strong>solebant.</strong></span> 
     </span>
     <span class='ocr_line' id='line_1_20' title="bbox 633 2531 2877 2616; baseline -0.001 -19"><span class='ocrx_word' id='word_1_141' title='bbox 633 2531 879 2597; x_wconf 84' lang='lat' dir='ltr'><strong>Ovibus</strong></span> <span class='ocrx_word' id='word_1_142' title='bbox 927 2535 1181 2598; x_wconf 89' lang='lat' dir='ltr'><strong>centum</strong></span> <span class='ocrx_word' id='word_1_143' title='bbox 1229 2532 1518 2597; x_wconf 89' lang='lat' dir='ltr'><strong>mactatis</strong></span> <span class='ocrx_word' id='word_1_144' title='bbox 1569 2532 1873 2616; x_wconf 90' lang='lat' dir='ltr'><strong>donisque</strong></span> <span class='ocrx_word' id='word_1_145' title='bbox 1907 2552 1943 2597; x_wconf 84' lang='lat' dir='ltr'><strong>a</strong></span> <span class='ocrx_word' id='word_1_146' title='bbox 1990 2532 2307 2597; x_wconf 82' lang='lat' dir='ltr'><strong>sacerdote</strong></span> <span class='ocrx_word' id='word_1_147' title='bbox 2338 2531 2560 2615; x_wconf 89' lang='lat' dir='ltr'><strong>positis</strong></span> <span class='ocrx_word' id='word_1_148' title='bbox 2608 2532 2719 2596; x_wconf 91' lang='lat' dir='ltr'><strong>ubi</strong></span> <span class='ocrx_word' id='word_1_149' title='bbox 2768 2550 2877 2596; x_wconf 84' lang='lat' dir='ltr'><strong>rex</strong></span> 
     </span>
     <span class='ocr_line' id='line_1_21' title="bbox 635 2638 2875 2722; baseline -0 -20"><span class='ocrx_word' id='word_1_150' title='bbox 635 2638 748 2702; x_wconf 67' lang='lat' dir='ltr'><strong>sub</strong></span> <span class='ocrx_word' id='word_1_151' title='bbox 814 2650 982 2703; x_wconf 78' lang='lat' dir='ltr'><strong>nocte</strong></span> <span class='ocrx_word' id='word_1_152' title='bbox 1025 2639 1234 2702; x_wconf 75' lang='lat' dir='ltr'><strong>silenti</strong></span> <span class='ocrx_word' id='word_1_153' title='bbox 1310 2638 1584 2722; x_wconf 83' lang='lat' dir='ltr'><strong>pellibus</strong></span> <span class='ocrx_word' id='word_1_154' title='bbox 1659 2638 1969 2719; x_wconf 69' lang='lat' dir='ltr'><strong>incubuit,</strong></span> <span class='ocrx_word' id='word_1_155' title='bbox 2038 2638 2239 2702; x_wconf 68' lang='lat' dir='ltr'><strong>subito</strong></span> <span class='ocrx_word' id='word_1_156' title='bbox 2284 2660 2357 2701; x_wconf 74' lang='lat' dir='ltr'><strong>eat</strong></span> <span class='ocrx_word' id='word_1_157' title='bbox 2402 2638 2527 2702; x_wconf 82' lang='lat' dir='ltr'><strong>alto</strong></span> <span class='ocrx_word' id='word_1_158' title='bbox 2570 2659 2687 2702; x_wconf 71' lang='lat' dir='ltr'><strong>voa:</strong></span> <span class='ocrx_word' id='word_1_159' title='bbox 2732 2640 2875 2701; x_wconf 71' lang='lat' dir='ltr'><strong>red-</strong></span> 
     </span>
     <span class='ocr_line' id='line_1_22' title="bbox 631 2745 2873 2830; baseline 0 -22"><span class='ocrx_word' id='word_1_160' title='bbox 631 2747 765 2809; x_wconf 81' lang='lat' dir='ltr'><strong>dita</strong></span> <span class='ocrx_word' id='word_1_161' title='bbox 810 2746 945 2810; x_wconf 81' lang='lat' dir='ltr'><strong>luco</strong></span> <span class='ocrx_word' id='word_1_162' title='bbox 991 2758 1076 2810; x_wconf 81' lang='lat' dir='ltr'><strong>est</strong></span> <span class='ocrx_word' id='word_1_163' title='bbox 1131 2746 1353 2826; x_wconf 87' lang='lat' dir='ltr'><strong>Fauni,</strong></span> <span class='ocrx_word' id='word_1_164' title='bbox 1425 2746 1534 2830; x_wconf 90' lang='lat' dir='ltr'><strong>qui</strong></span> <span class='ocrx_word' id='word_1_165' title='bbox 1583 2763 1887 2829; x_wconf 87' lang='lat' dir='ltr'><strong>generum</strong></span> <span class='ocrx_word' id='word_1_166' title='bbox 1958 2747 2094 2810; x_wconf 88' lang='lat' dir='ltr'><strong>eius</strong></span> <span class='ocrx_word' id='word_1_167' title='bbox 2148 2750 2470 2811; x_wconf 86' lang='lat' dir='ltr'><strong>externum</strong></span> <span class='ocrx_word' id='word_1_168' title='bbox 2517 2745 2647 2810; x_wconf 85' lang='lat' dir='ltr'><strong>fore</strong></span> <span class='ocrx_word' id='word_1_169' title='bbox 2695 2763 2873 2829; x_wconf 89' lang='lat' dir='ltr'><strong>prae-</strong></span> 
     </span>
     <span class='ocr_line' id='line_1_23' title="bbox 632 2852 2869 2938; baseline -0.002 -19"><span class='ocrx_word' id='word_1_170' title='bbox 632 2853 805 2919; x_wconf 87' lang='lat' dir='ltr'><strong>dicit.</strong></span> <span class='ocrx_word' id='word_1_171' title='bbox 901 2854 1068 2918; x_wconf 87' lang='lat' dir='ltr'><strong>Haec</strong></span> <span class='ocrx_word' id='word_1_172' title='bbox 1139 2871 1383 2937; x_wconf 91' lang='lat' dir='ltr'><strong>quoque</strong></span> <span class='ocrx_word' id='word_1_173' title='bbox 1431 2853 1669 2936; x_wconf 86' lang='lat' dir='ltr'><strong>species</strong></span> <span class='ocrx_word' id='word_1_174' title='bbox 1718 2872 1787 2917; x_wconf 88' lang='lat' dir='ltr'><strong>eo</strong></span> <span class='ocrx_word' id='word_1_175' title='bbox 1857 2853 2284 2918; x_wconf 83' lang='lat' dir='ltr'><strong>introducitur</strong></span> <span class='ocrx_word' id='word_1_176' title='bbox 2352 2854 2521 2937; x_wconf 92' lang='lat' dir='ltr'><strong>quod</strong></span> <span class='ocrx_word' id='word_1_177' title='bbox 2600 2852 2735 2938; x_wconf 90' lang='lat' dir='ltr'><strong>regi</strong></span> <span class='ocrx_word' id='word_1_178' title='bbox 2803 2853 2869 2916; x_wconf 85' lang='lat' dir='ltr'><strong>in</strong></span> 
     </span>
     <span class='ocr_line' id='line_1_24' title="bbox 637 2960 2875 3044; baseline -0 -19"><span class='ocrx_word' id='word_1_179' title='bbox 637 2980 786 3027; x_wconf 89' lang='lat' dir='ltr'><strong>cura</strong></span> <span class='ocrx_word' id='word_1_180' title='bbox 834 2980 906 3025; x_wconf 86' lang='lat' dir='ltr'><strong>ac</strong></span> <span class='ocrx_word' id='word_1_181' title='bbox 952 2960 1380 3025; x_wconf 89' lang='lat' dir='ltr'><strong>sollicitudine</strong></span> <span class='ocrx_word' id='word_1_182' title='bbox 1429 2961 1703 3025; x_wconf 88' lang='lat' dir='ltr'><strong>versant-i</strong></span> <span class='ocrx_word' id='word_1_183' title='bbox 1772 2960 1983 3043; x_wconf 86' lang='lat' dir='ltr'><strong>imago</strong></span> <span class='ocrx_word' id='word_1_184' title='bbox 2038 2961 2313 3044; x_wconf 90' lang='lat' dir='ltr'><strong>apparet.</strong></span> <span class='ocrx_word' id='word_1_185' title='bbox 2408 2960 2600 3025; x_wconf 90' lang='lat' dir='ltr'><strong>Porro</strong></span> <span class='ocrx_word' id='word_1_186' title='bbox 2658 2960 2875 3025; x_wconf 89' lang='lat' dir='ltr'><strong>eadem</strong></span> 
     </span>
     <span class='ocr_line' id='line_1_25' title="bbox 637 3065 2874 3152; baseline -0.002 -19"><span class='ocrx_word' id='word_1_187' title='bbox 637 3087 930 3133; x_wconf 88' lang='lat' dir='ltr'><strong>ascensus</strong></span> <span class='ocrx_word' id='word_1_188' title='bbox 1009 3086 1196 3133; x_wconf 90' lang='lat' dir='ltr'><strong>causa</strong></span> <span class='ocrx_word' id='word_1_189' title='bbox 1243 3070 1338 3132; x_wconf 90' lang='lat' dir='ltr'><strong>est</strong></span> <span class='ocrx_word' id='word_1_190' title='bbox 1415 3086 1574 3152; x_wconf 88' lang='lat' dir='ltr'><strong>quae</strong></span> <span class='ocrx_word' id='word_1_191' title='bbox 1642 3066 1809 3149; x_wconf 87' lang='lat' dir='ltr'><strong>apud</strong></span> <span class='ocrx_word' id='word_1_192' title='bbox 1859 3067 2201 3132; x_wconf 91' lang='lat' dir='ltr'><strong>Homerum</strong></span> <span class='ocrx_word' id='word_1_193' title='bbox 2294 3065 2386 3147; x_wconf 90' lang='grc' dir='ltr'><strong>(Ψ</strong></span> <span class='ocrx_word' id='word_1_194' title='bbox 2431 3087 2487 3133; x_wconf 89' lang='lat' dir='ltr'><strong>v.</strong></span> <span class='ocrx_word' id='word_1_195' title='bbox 2540 3068 2625 3131; x_wconf 89' lang='lat'><strong>80</strong></span> <span class='ocrx_word' id='word_1_196' title='bbox 2673 3070 2874 3151; x_wconf 78' lang='lat' dir='ltr'><strong>sqql:</strong></span> 
     </span>
     <span class='ocr_line' id='line_1_26' title="bbox 633 3173 2876 3255; baseline -0.001 -15"><span class='ocrx_word' id='word_1_197' title='bbox 633 3176 1014 3255; x_wconf 84' lang='lat' dir='ltr'><strong>mostellum‚</strong></span> <span class='ocrx_word' id='word_1_198' title='bbox 1132 3177 1206 3239; x_wconf 90' lang='lat' dir='ltr'><strong>ut</strong></span> <span class='ocrx_word' id='word_1_199' title='bbox 1317 3174 1696 3239; x_wconf 79' lang='lat' dir='ltr'><strong>vaticinetur</strong></span> <span class='ocrx_word' id='word_1_200' title='bbox 1810 3193 1874 3238; x_wconf 88' lang='lat' dir='ltr'><strong>se</strong></span> <span class='ocrx_word' id='word_1_201' title='bbox 1989 3173 2281 3238; x_wconf 89' lang='lat' dir='ltr'><strong>ostendit.</strong></span> <span class='ocrx_word' id='word_1_202' title='bbox 2416 3174 2499 3240; x_wconf 87' lang='lat' dir='ltr'><strong>Ut</strong></span> <span class='ocrx_word' id='word_1_203' title='bbox 2611 3173 2876 3239; x_wconf 88' lang='lat' dir='ltr'><strong>Latinus</strong></span> 
     </span>
     <span class='ocr_line' id='line_1_27' title="bbox 632 3280 2877 3363; baseline -0.001 -17"><span class='ocrx_word' id='word_1_204' title='bbox 632 3284 874 3346; x_wconf 85' lang='lat' dir='ltr'><strong>Aeneae</strong></span> <span class='ocrx_word' id='word_1_205' title='bbox 944 3280 1144 3346; x_wconf 90' lang='lat' dir='ltr'><strong>filiam</strong></span> <span class='ocrx_word' id='word_1_206' title='bbox 1217 3280 1281 3345; x_wconf 93' lang='lat' dir='ltr'><strong>in</strong></span> <span class='ocrx_word' id='word_1_207' title='bbox 1354 3280 1831 3345; x_wconf 88' lang='lat' dir='ltr'><strong>matrimonium</strong></span> <span class='ocrx_word' id='word_1_208' title='bbox 1909 3282 2103 3362; x_wconf 88' lang='lat' dir='ltr'><strong>daret,</strong></span> <span class='ocrx_word' id='word_1_209' title='bbox 2198 3281 2379 3363; x_wconf 81' lang='lat' dir='ltr'><strong>poeta</strong></span> <span class='ocrx_word' id='word_1_210' title='bbox 2454 3281 2569 3345; x_wconf 88' lang='lat' dir='ltr'><strong>hoc</strong></span> <span class='ocrx_word' id='word_1_211' title='bbox 2634 3282 2877 3363; x_wconf 89' lang='lat' dir='ltr'><strong>spectro</strong></span> 
     </span>
     <span class='ocr_line' id='line_1_28' title="bbox 630 3386 2873 3471; baseline -0.001 -18"><span class='ocrx_word' id='word_1_212' title='bbox 630 3388 855 3453; x_wconf 81' lang='lat' dir='ltr'><strong>effecit.</strong></span> <span class='ocrx_word' id='word_1_213' title='bbox 953 3388 1186 3452; x_wconf 88' lang='lat' dir='ltr'><strong>Scaena</strong></span> <span class='ocrx_word' id='word_1_214' title='bbox 1247 3387 1386 3471; x_wconf 87' lang='lat' dir='ltr'><strong>ipsa</strong></span> <span class='ocrx_word' id='word_1_215' title='bbox 1441 3388 1520 3452; x_wconf 86' lang='lat' dir='ltr'><strong>ad</strong></span> <span class='ocrx_word' id='word_1_216' title='bbox 1569 3386 1946 3453; x_wconf 89' lang='lat' dir='ltr'><strong>Graecorum</strong></span> <span class='ocrx_word' id='word_1_217' title='bbox 1996 3389 2311 3470; x_wconf 84' lang='lat' dir='ltr'><strong>exemplar</strong></span> <span class='ocrx_word' id='word_1_218' title='bbox 2356 3387 2502 3451; x_wconf 86' lang='lat' dir='ltr'><strong>ficta</strong></span> <span class='ocrx_word' id='word_1_219' title='bbox 2552 3390 2668 3467; x_wconf 81' lang='lat' dir='ltr'><strong>cst,</strong></span> <span class='ocrx_word' id='word_1_220' title='bbox 2726 3405 2873 3450; x_wconf 89' lang='lat' dir='ltr'><strong>nam</strong></span> 
     </span>
     <span class='ocr_line' id='line_1_29' title="bbox 629 3493 2870 3579; baseline -0.001 -20"><span class='ocrx_word' id='word_1_221' title='bbox 629 3493 786 3559; x_wconf 84' lang='lat' dir='ltr'><strong>talia</strong></span> <span class='ocrx_word' id='word_1_222' title='bbox 834 3495 1106 3575; x_wconf 86' lang='lat' dir='ltr'><strong>oracula,</strong></span> <span class='ocrx_word' id='word_1_223' title='bbox 1157 3512 1316 3579; x_wconf 88' lang='lat' dir='ltr'><strong>quae</strong></span> <span class='ocrx_word' id='word_1_224' title='bbox 1365 3494 1705 3559; x_wconf 89' lang='lat' dir='ltr'><strong>somnianti</strong></span> <span class='ocrx_word' id='word_1_225' title='bbox 1741 3511 2107 3577; x_wconf 87' lang='lat' dir='ltr'><strong>responsum</strong></span> <span class='ocrx_word' id='word_1_226' title='bbox 2140 3494 2399 3578; x_wconf 90' lang='lat' dir='ltr'><strong>aliquod</strong></span> <span class='ocrx_word' id='word_1_227' title='bbox 2431 3494 2602 3575; x_wconf 87' lang='lat' dir='ltr'><strong>dant,</strong></span> <span class='ocrx_word' id='word_1_228' title='bbox 2668 3494 2870 3557; x_wconf 89' lang='lat' dir='ltr'><strong>multa</strong></span> 
     </span>
     <span class='ocr_line' id='line_1_30' title="bbox 632 3599 2875 3685; baseline -0.001 -19"><span class='ocrx_word' id='word_1_229' title='bbox 632 3601 799 3685; x_wconf 89' lang='lat' dir='ltr'><strong>apud</strong></span> <span class='ocrx_word' id='word_1_230' title='bbox 848 3600 1112 3665; x_wconf 87' lang='lat' dir='ltr'><strong>Graecos</strong></span> <span class='ocrx_word' id='word_1_231' title='bbox 1162 3602 1310 3665; x_wconf 89' lang='lat' dir='ltr'><strong>sunt</strong></span> <span class='ocrx_word' id='word_1_232' title='bbox 1357 3599 1689 3665; x_wconf 88' lang='lat' dir='ltr'><strong>notissima</strong></span> <span class='ocrx_word' id='word_1_233' title='bbox 1734 3599 2108 3683; x_wconf 87' lang='lat' dir='ltr'><strong>Amphiarai</strong></span> <span class='ocrx_word' id='word_1_234' title='bbox 2141 3602 2203 3665; x_wconf 87' lang='lat' dir='ltr'><strong>et</strong></span> <span class='ocrx_word' id='word_1_235' title='bbox 2227 3600 2570 3683; x_wconf 89' lang='lat' dir='ltr'><strong>Trophonii</strong></span> <span class='ocrx_word' id='word_1_236' title='bbox 2595 3599 2678 3682; x_wconf 80' lang='grc'><strong>1);</strong></span> <span class='ocrx_word' id='word_1_237' title='bbox 2716 3601 2875 3665; x_wconf 87' lang='lat' dir='ltr'><strong>hanc</strong></span> 
     </span>
     <span class='ocr_line' id='line_1_31' title="bbox 641 3706 2870 3791; baseline -0.001 -18"><span class='ocrx_word' id='word_1_238' title='bbox 641 3728 770 3773; x_wconf 88' lang='lat' dir='ltr'><strong>rem</strong></span> <span class='ocrx_word' id='word_1_239' title='bbox 805 3707 1126 3791; x_wconf 85' lang='lat' dir='ltr'><strong>Vergilius</strong></span> <span class='ocrx_word' id='word_1_240' title='bbox 1172 3708 1238 3773; x_wconf 91' lang='lat' dir='ltr'><strong>in</strong></span> <span class='ocrx_word' id='word_1_241' title='bbox 1289 3708 1540 3772; x_wconf 83' lang='lat' dir='ltr'><strong>Italiam</strong></span> <span class='ocrx_word' id='word_1_242' title='bbox 1587 3708 1991 3772; x_wconf 86' lang='lat' dir='ltr'><strong>transtulisse</strong></span> <span class='ocrx_word' id='word_1_243' title='bbox 2037 3706 2367 3789; x_wconf 82' lang='lat' dir='ltr'><strong>videtur2).</strong></span> <span class='ocrx_word' id='word_1_244' title='bbox 2462 3708 2692 3772; x_wconf 89' lang='lat' dir='ltr'><strong>Versus</strong></span> <span class='ocrx_word' id='word_1_245' title='bbox 2742 3708 2870 3771; x_wconf 82' lang='lat'><strong>89:</strong></span> 
     </span>
    </p>

    <p class='ocr_par' dir='ltr' id='par_1_5' title="bbox 632 3814 2870 4005">
     <span class='ocr_line' id='line_1_32' title="bbox 949 3814 2668 3878; baseline -0.001 0"><span class='ocrx_word' id='word_1_246' title='bbox 949 3816 1146 3878; x_wconf 82' lang='lat' dir='ltr'><strong>multa</strong></span> <span class='ocrx_word' id='word_1_247' title='bbox 1191 3816 1392 3878; x_wconf 81' lang='lat' dir='ltr'><strong>modis</strong></span> <span class='ocrx_word' id='word_1_248' title='bbox 1435 3814 1776 3877; x_wconf 76' lang='lat' dir='ltr'><strong>simulacra</strong></span> <span class='ocrx_word' id='word_1_249' title='bbox 1821 3814 1984 3877; x_wconf 77' lang='lat' dir='ltr'><strong>videt</strong></span> <span class='ocrx_word' id='word_1_250' title='bbox 2028 3815 2351 3878; x_wconf 77' lang='lat' dir='ltr'><strong>volitantia</strong></span> <span class='ocrx_word' id='word_1_251' title='bbox 2394 3817 2583 3877; x_wconf 72' lang='lat' dir='ltr'><strong>miris</strong></span> <span class='ocrx_word' id='word_1_252' title='bbox 2660 3828 2668 3833; x_wconf 87' lang='grc'><strong><em>·</em></strong></span> 
     </span>
     <span class='ocr_line' id='line_1_33' title="bbox 632 3918 2870 4005; baseline -0.002 -18"><span class='ocrx_word' id='word_1_253' title='bbox 632 3928 922 4005; x_wconf 85' lang='lat' dir='ltr'><strong>sumptus</strong></span> <span class='ocrx_word' id='word_1_254' title='bbox 950 3925 1043 3986; x_wconf 84' lang='lat' dir='ltr'><strong>est</strong></span> <span class='ocrx_word' id='word_1_255' title='bbox 1071 3922 1504 4005; x_wconf 82' lang='lat' dir='ltr'><strong>exLucretio(I</strong></span> <span class='ocrx_word' id='word_1_256' title='bbox 1531 3923 1677 4003; x_wconf 75' lang='lat'>128)</span> <span class='ocrx_word' id='word_1_257' title='bbox 1700 3922 2039 3985; x_wconf 76' lang='lat' dir='ltr'><strong>simulacra</strong></span> <span class='ocrx_word' id='word_1_258' title='bbox 2064 3922 2265 3983; x_wconf 72' lang='lat' dir='ltr'><strong>‘modis</strong></span> <span class='ocrx_word' id='word_1_259' title='bbox 2277 3921 2585 4003; x_wconf 76' lang='lat' dir='ltr'><strong>pallentia</strong></span> <span class='ocrx_word' id='word_1_260' title='bbox 2608 3918 2870 4001; x_wconf 64' lang='lat' dir='ltr'><strong>miv-253⁸).</strong></span> 
     </span>
    </p>
   </div>
   <div class='ocr_carea' id='block_1_3' title="bbox 636 4102 1057 4111">
    <p class='ocr_par' dir='ltr' id='par_1_6' title="bbox 636 4102 1057 4111">
     <span class='ocr_line' id='line_1_34' title="bbox 636 4102 1057 4111; baseline 0 948"><span class='ocrx_word' id='word_1_261' title='bbox 636 4102 1057 4111; x_wconf 95' lang='lat' dir='ltr'><strong> </strong></span> 
     </span>
    </p>
   </div>
   <div class='ocr_carea' id='block_1_4' title="bbox 626 4204 2869 4543">
    <p class='ocr_par' dir='ltr' id='par_1_7' title="bbox 809 4204 2853 4277">
     <span class='ocr_line' id='line_1_35' title="bbox 809 4204 2853 4277; baseline -0.002 -16"><span class='ocrx_word' id='word_1_262' title='bbox 809 4206 851 4277; x_wconf 91' lang='lat'><strong>¹)</strong></span> <span class='ocrx_word' id='word_1_263' title='bbox 893 4206 1072 4262; x_wconf 73' lang='lat' dir='ltr'><strong>Multa</strong></span> <span class='ocrx_word' id='word_1_264' title='bbox 1107 4206 1270 4261; x_wconf 87' lang='lat' dir='ltr'><strong>huius</strong></span> <span class='ocrx_word' id='word_1_265' title='bbox 1307 4206 1388 4262; x_wconf 87' lang='lat' dir='ltr'><strong>rei</strong></span> <span class='ocrx_word' id='word_1_266' title='bbox 1428 4206 1675 4277; x_wconf 79' lang='lat' dir='ltr'><strong>exempla</strong></span> <span class='ocrx_word' id='word_1_267' title='bbox 1718 4205 1939 4273; x_wconf 80' lang='lat' dir='ltr'><strong>collegit</strong></span> <span class='ocrx_word' id='word_1_268' title='bbox 1963 4206 2227 4271; x_wconf 86' lang='lat' dir='ltr'><strong>Rohdius,</strong></span> <span class='ocrx_word' id='word_1_269' title='bbox 2254 4204 2489 4275; x_wconf 81' lang='lat' dir='ltr'><strong>Psyche⁴</strong></span> <span class='ocrx_word' id='word_1_270' title='bbox 2532 4222 2583 4275; x_wconf 85' lang='lat' dir='ltr'><strong>p.</strong></span> <span class='ocrx_word' id='word_1_271' title='bbox 2621 4204 2715 4257; x_wconf 81' lang='lat'><strong>106</strong></span> <span class='ocrx_word' id='word_1_272' title='bbox 2736 4220 2853 4275; x_wconf 88' lang='lat' dir='ltr'><strong>sqq.</strong></span> 
     </span>
    </p>

    <p class='ocr_par' dir='ltr' id='par_1_8' title="bbox 817 4293 2253 4366">
     <span class='ocr_line' id='line_1_36' title="bbox 817 4293 2253 4366; baseline 0.001 -18"><span class='ocrx_word' id='word_1_273' title='bbox 817 4296 864 4360; x_wconf 77' lang='lat'><strong>⁸)</strong></span> <span class='ocrx_word' id='word_1_274' title='bbox 901 4295 1058 4363; x_wconf 85' lang='lat' dir='ltr'><strong>Quod</strong></span> <span class='ocrx_word' id='word_1_275' title='bbox 1099 4295 1476 4364; x_wconf 84' lang='lat' dir='ltr'><strong>Coningtouus</strong></span> <span class='ocrx_word' id='word_1_276' title='bbox 1515 4296 1772 4366; x_wconf 84' lang='lat' dir='ltr'><strong>opinatur</strong></span> <span class='ocrx_word' id='word_1_277' title='bbox 1808 4293 1841 4348; x_wconf 94' lang='lat' dir='ltr'><strong>l.</strong></span> <span class='ocrx_word' id='word_1_278' title='bbox 1882 4294 1917 4349; x_wconf 83' lang='lat'><strong>1.</strong></span> <span class='ocrx_word' id='word_1_279' title='bbox 1956 4294 2043 4349; x_wconf 85' lang='lat' dir='ltr'><strong>ad.</strong></span> <span class='ocrx_word' id='word_1_280' title='bbox 2084 4312 2130 4349; x_wconf 78' lang='lat' dir='ltr'><strong>v.</strong></span> <span class='ocrx_word' id='word_1_281' title='bbox 2168 4294 2253 4349; x_wconf 78' lang='lat'><strong>86.</strong></span> 
     </span>
    </p>

    <p class='ocr_par' dir='ltr' id='par_1_9' title="bbox 626 4376 2869 4543">
     <span class='ocr_line' id='line_1_37' title="bbox 803 4376 2869 4454; baseline -0.002 -14"><span class='ocrx_word' id='word_1_282' title='bbox 803 4384 849 4454; x_wconf 85' lang='lat'><strong>⁸)</strong></span> <span class='ocrx_word' id='word_1_283' title='bbox 888 4376 973 4440; x_wconf 74' lang='lat' dir='ltr'><strong>Cf.</strong></span> <span class='ocrx_word' id='word_1_284' title='bbox 1019 4399 1184 4454; x_wconf 86' lang='lat' dir='ltr'><strong>supra</strong></span> <span class='ocrx_word' id='word_1_285' title='bbox 1226 4383 1382 4451; x_wconf 82' lang='lat' dir='ltr'><strong>(Aen.</strong></span> <span class='ocrx_word' id='word_1_286' title='bbox 1418 4384 1447 4435; x_wconf 94' lang='lat' dir='ltr'>I</span> <span class='ocrx_word' id='word_1_287' title='bbox 1483 4382 1630 4452; x_wconf 56' lang='lat'><strong>854„</strong></span> <span class='ocrx_word' id='word_1_288' title='bbox 1671 4382 1740 4438; x_wconf 87' lang='lat' dir='ltr'><strong>de</strong></span> <span class='ocrx_word' id='word_1_289' title='bbox 1775 4381 1939 4437; x_wconf 87' lang='lat' dir='ltr'><strong>huius</strong></span> <span class='ocrx_word' id='word_1_290' title='bbox 1978 4399 2206 4438; x_wconf 76' lang='lat' dir='ltr'><strong>scaenae</strong></span> <span class='ocrx_word' id='word_1_291' title='bbox 2244 4382 2706 4437; x_wconf 85' lang='lat' dir='ltr'><strong>contaminatione</strong></span> <span class='ocrx_word' id='word_1_292' title='bbox 2744 4382 2869 4435; x_wconf 82' lang='lat' dir='ltr'><strong>vide</strong></span> 
     </span>
     <span class='ocr_line' id='line_1_38' title="bbox 626 4470 1221 4543; baseline -0.005 -13"><span class='ocrx_word' id='word_1_293' title='bbox 626 4473 910 4530; x_wconf 69' lang='lat' dir='ltr'><strong>Heinsium</strong></span> <span class='ocrx_word' id='word_1_294' title='bbox 949 4490 985 4543; x_wconf 80' lang='lat' dir='ltr'>p</span> <span class='ocrx_word' id='word_1_295' title='bbox 1054 4470 1221 4536; x_wconf 63' lang='lat'><strong>1722.</strong></span> 
     </span>
    </p>
   </div>
   <div class='ocr_carea' id='block_1_5' title="bbox 3214 1772 3216 2300">
    <p class='ocr_par' dir='ltr' id='par_1_10' title="bbox 3214 1772 3216 2300">
     <span class='ocr_line' id='line_1_39' title="bbox 3214 1772 3216 2300; baseline 0 0"><span class='ocrx_word' id='word_1_296' title='bbox 3214 1772 3216 2300; x_wconf 95' lang='lat' dir='ltr'><strong> </strong></span> 
     </span>
    </p>
   </div>
  </div>
 </body>
</html>
