3242 5059
1600 382 2040 447 -72-

874 568 1113 639 Statius
1188 573 1408 657 igitur,
1482 594 1863 659 quamquam
1931 595 2055 640 non
2123 575 2359 641 multas
2429 594 2527 641 res
2594 576 2935 641 infernales

692 679 1003 745 Thebaidi
1076 700 1225 747 suae
1270 681 1561 763 inseruit,
1625 683 1752 747 bas·
1787 685 1996 747 tamen
2042 684 2200 748 bene
2248 683 2600 766 composuit
2645 685 2708 748 et
2753 682 2938 749 adhi-

692 790 839 857 buit
882 788 1384 853 antecedentium
1433 788 1704 873 vestigia
1752 790 2126 875 plerumque
2172 809 2480 872 premens.

879 894 975 959 Ad
1047 914 1117 960 ea
1192 897 1473 979 tempora
1518 895 1978 977 descendimus,
2061 898 2292 980 quibus
2355 896 2562 980 magis
2609 896 2939 981 magisque

699 1023 844 1070 cum
892 1003 1141 1067 litterae
1184 1010 1322 1067 tum
1373 1002 1720 1068 carminum
1771 1002 2086 1086 epicorum
2133 1004 2336 1087 poesis
2383 1004 2703 1069 obmutuit
2747 1011 2941 1087 atque

626 1153 634 1161 -
692 1111 1015 1194 poetarum
1064 1110 1401 1175 auctoritas
1446 1110 1696 1174 minuta
1743 1112 1855 1175 est.

876 1216 1155 1281 Ultimus
1246 1218 1571 1299 poetarum
1671 1218 1985 1300 epicorum
2087 1218 2506 1282 Romanorum
2598 1216 2941 1285 Claudius

698 1323 1140 1392 Claudianus
1240 1322 1709 1387 Alexandrinus
1822 1324 1888 1387 in
2013 1324 2400 1389 carminibus
2513 1324 2666 1405 suis,
2779 1342 2944 1407 quae

699 1430 1038 1496 maximam
1145 1431 1388 1512 partem
1495 1430 1866 1514 plerumque
1979 1450 2078 1495 res
2177 1431 2290 1496 illa
2395 1433 2632 1496 aestate
2725 1432 2939 1514 gestas

697 1538 1220 1623 complectuntur,
1288 1536 1509 1602 multis
1580 1538 1734 1602 locis
1802 1538 1878 1601 de
1924 1538 2217 1603 manibus
2289 1556 2534 1621 quoque
2597 1557 2942 1621 eorumque

698 1663 963 1712 ascensu
996 1643 1291 1727 loquitur.
1387 1644 1549 1709 Eum
1583 1646 1796 1727 poetas
1829 1664 1972 1709 cum
2011 1646 2216 1728 epicos
2247 1646 2384 1711 tum
2419 1644 2942 1711 caesarianorum

687 1754 1051 1836 temporum
1100 1750 1425 1817 imitatum
1473 1769 1607 1815 esse
1654 1753 2138 1817 consentaneum
2187 1754 2300 1817 est.

872 1859 934 1924 Is
973 1857 1145 1923 locus
1196 1878 1317 1942 quo
1366 1858 1603 1939 Alecto,
1671 1876 1828 1941 quae
1877 1857 2194 1937 Rufinum,
2245 1861 2318 1922 ut
2374 1876 2582 1923 rerum
2635 1858 2939 1941 potiatur,

693 1966 937 2046 incitet,
1015 1985 1086 2030 ex
1148 1965 1369 2029 inferis
1414 1965 1687 2048 prosilit,
1758 1964 1857 2029 his
1904 1964 2192 2030 versibus
2241 1966 2621 2030 describitur
2666 1965 2760 2043 (in
2791 1965 2944 2029 Rus.

689 2074 723 2139 I
775 2074 898 2139 123
947 2073 1146 2157 sqq.):

908 2179 1026 2243 Est
1070 2180 1237 2243 locus
1282 2190 1621 2243 extremum
1656 2179 1891 2263 pandit
1935 2200 2064 2264 qua
2115 2178 2332 2244 Gallia
2379 2176 2529 2243 litu&

904 2286 1135 2351 Oceani
1181 2296 1534 2371 praetentus
1579 2288 1782 2370 aquic,
1833 2307 1976 2371 quo
2018 2288 2288 2370 fertur
2341 2286 2553 2351 Ulixes

907 2396 1213 2479 sanquine
1257 2392 1447 2457 libato
1482 2394 1790 2477 populum
1833 2396 2091 2457 movisse
2135 2394 2427 2460 silentem,

914 2499 1057 2563 Illic
1101 2500 1469 2565 umbrarum
1516 2502 1735 2562 tenui
1779 2501 2116 2563 stridore
2161 2501 2475 2564 volantum

902 2607 1229 2692 flebilis
1276 2607 1631 2670 auditur
1675 2617 2015 2691 questus
2059 2608 2398 2671 simulacra
2444 2606 2712 2670 coloni

903 2714 1153 2795 pallida
1199 2712 1609 2797 defunctaque
1653 2713 1860 2777 vident
1901 2716 2180 2798 ‘miqrare
2213 2712 2481 2798 fiyurac.

609 2888 613 2891 ,
870 2821 1076 2887 Huius
1111 2818 1229 2885 loci
1273 2820 1718 2902 argumentum
1762 2838 1884 2883 non
1934 2839 2004 2883 ex
2051 2823 2218 2884 certo
2260 2821 2558 2903 scriptore
2608 2821 2945 2903 sumptum

693 2930 807 3010 est,
856 2946 1240 3011 quamquam
1311 2925 1490 2990 illius
1563 2924 1687 2989 loci
1733 2926 2005 2992 Statiani
2054 2927 2274 3007 (Theb.
2323 2927 2384 2990 Il
2433 2929 2518 2992 50
2566 2931 2728 3011 sqq.)
2773 2946 2944 2991 non-

692 3035 891 3101 nullis
936 3035 1125 3099 rebus
1172 3052 1287 3117 par
1333 3035 1447 3114 est,
1498 3051 1618 3117 quo
1668 3034 1818 3098 haec
1865 3032 2172 3116 legimus:

915 3190 930 3205 .
960 3190 975 3205 .
1004 3140 1278 3205 ‚Arcadi
1314 3138 1636 3225 perhibent
1679 3140 1734 3203 ei
1779 3161 1922 3203 vera
1968 3140 2222 3204 coloni

902 3249 1187 3311 stridor
1232 3246 1349 3311 ibi
1392 3257 1459 3310 et
1500 3250 1831 3332 yemitus
1868 3267 2329 3331 poenarum
2375 3258 2631 3332 atroque
2661 3248 2946 3311 tumultu

900 3355 1090 3439 fervet
1136 3376 1300 3440 ηραν,
1348 3374 1525 3438 saepe
1571 3354 2000 3416 Eumenidum
2045 3374 2327 3438 vocesque
2370 3356 2712 3439 manusque

908 3464 977 3525 in
1021 3462 1298 3524 medium
1341 3481 1597 3525 sonuere
1643 3461 1806 3523 diem
1852 3461 2076 3544 letique
2119 3460 2433 3544 triformis

902 3568 1137 3631 ianitor
1180 3568 1487 3653 ayo-icoleis
1531 3569 1770 3650 campis
1817 3567 2070 3629 auditus
2115 3566 2317 3651 abeqit
2337 3568 2414 3651 ¹);

699 3675 979 3741 conferas
1025 3673 1219 3739 velim
1267 3693 1405 3739 cum
1443 3673 1559 3737 hoc
1584 3672 1920 3738 Claudiani
1953 3672 2085 3738 loco
2132 3673 2320 3738 illum
2351 3674 2619 3739 Senecae
2651 3673 2935 3757 (Thyest.

688 3802 745 3847 v.
797 3782 925 3847 688
974 3782 1159 3865 sqq.)‚
1233 3798 1355 3864 qno
1433 3798 1543 3863 per
1590 3780 1751 3844 arcis
1799 3778 2101 3862 Pelopeae
2148 3780 2365 3845 lucum
2413 3781 2515 3846 dei
2560 3780 2748 3845 inferi
2793 3800 2936 3846 ma-

690 3904 923 3973 nesque
993 3887 1231 3953 catenis
1298 3888 1542 3967 gravati
1618 3886 1910 3967 volitant,
1972 3887 2138 3971 quod
2216 3888 2516 3953 describit
2592 3889 2774 3971 poeta
2830 3889 2940 3955 hia

686 3996 895 4062 verbis
928 4021 946 4060 ε

877 4172 919 4239 ¹)
958 4172 1066 4239 Qui
1102 4172 1256 4229 locus
1319 4184 1570 4244 sumpt-ue
1609 4177 1697 4227 eet
1734 4189 1765 4228 e
1800 4173 2118 4243 Vergiliano
2181 4174 2337 4241 (Aen.
2374 4174 2466 4232 Vl.
2508 4174 2611 4231 557
2649 4173 2774 4243 σῳ),
2827 4193 2946 4246 quo

691 4260 907 4316 Aenona
945 4278 1067 4317 cum
1106 4261 1317 4333 Sibylla
1354 4262 1423 4315 ad
1462 4263 1776 4331 punitorum
1816 4262 1937 4316 loca
1972 4264 2148 4319 venit:

1002 4353 1121 4406 hinc
1156 4353 1561 4407 exaudiri
1594 4354 1966 4421 uomitus
2003 4360 2054 4406 ct
2089 4370 2246 4407 saeva
2281 4371 2471 4409 conare

1002 4442 1256 4509 verbam
1292 4449 1449 4495 tum
1485 4442 1825 4496 stridor
1862 4442 2099 4503 ferri
2135 4450 2436 4513 tractaeque
2469 4450 2699 4499 octena«
