3242 5059
1492 405 1938 468 ,ἠδ-.-

782 596 871 663 Ex
916 597 1234 663 rhetorum
1282 596 1531 663 officina
1580 598 1692 663 ille
1738 600 1910 663 locus
1973 598 2068 682 (in
2117 596 2377 681 Eutrop.
2427 598 2458 663 I
2505 600 2621 663 451
2667 600 2840 683 sqq.)

599 706 801 785 fluxit,
852 724 974 789 quo
1023 702 1409 770 Claudianus
1457 707 1736 770 mortuos
1785 705 2028 770 nobiles
2077 703 2389 770 Romanos
2437 708 2501 770 et
2547 706 2838 771 consules

600 812 988 894 adhortatur,
1057 814 1133 876 ut
1178 830 1247 876 ex
1292 812 1561 877 tumulis
1635 814 1968 896 erumpant
2016 812 2315 896 Eutropio
2362 814 2435 877 ut
2503 811 2839 877 consulatu

597 916 861 1004 indigno
896 921 1359 999 succensentes;
1409 918 1720 985 eiusmodi
1754 918 2232 985 exclamationes
2265 920 2432 1033 apud
2459 918 2839 1001 Senecam1),

595 1024 1002 1107 Lucanum2),
1052 1025 1279 1091 Silium
1306 1023 1356 1107 ⁸)
1405 1024 1780 1092 invenimus.

776 1149 934 1215 Cum
981 1150 1178 1216 Roma
1254 1152 1319 1215 et
1363 1150 1577 1217 Africa
1650 1170 1715 1216 se
1785 1170 1820 1215 a
1869 1150 2137 1217 Gildone
2183 1152 2586 1217 vehementer
2632 1152 2838 1236 premi

596 1256 957 1343 querantur,
1036 1257 1320 1341 Iuppiter
1397 1276 1499 1322 eas
1578 1276 1646 1321 se
1710 1258 2077 1323 adiuturum
2145 1278 2280 1323 esse
2326 1258 2661 1343 pollicetur
2727 1258 2837 1340 (de

594 1364 763 1431 bello
817 1362 987 1430 Gild.
1033 1384 1093 1432 v,
1144 1366 1270 1430 235
1321 1368 1517 1448 sqq.);
1568 1385 1603 1430 a
1651 1366 1819 1430 caelo
1868 1365 1945 1429 ad
1980 1366 2325 1431 Arcadium
2373 1367 2435 1428 et
2482 1364 2835 1430 Honorium

508 1460 517 1467 ’
592 1472 971 1537 Theodosios
1018 1470 1325 1537 minorem
1373 1474 1435 1536 et
1479 1470 1779 1537 maiorem
1811 1472 2033 1554 mittit,
2083 1471 2194 1556 qui
2216 1489 2340 1553 eOS,
2392 1474 2462 1537 ut
2494 1471 2835 1538 Gildonem

592 1578 760 1644 bello
822 1579 1299 1663 persequantur,
1371 1577 1656 1643 incitent.
1752 1580 1957 1644 Noctu
2027 1579 2104 1645 ad
2175 1580 2383 1645 filium
2431 1580 2494 1644 et
2537 1580 2832 1661 nepotem

589 1670 871 1752 veniunt.
936 1683 1139 1750 Filius
1186 1684 1514 1750 Theodosii
1543 1685 1806 1752 minoris
1832 1688 2122 1778 umbram
2149 1688 2384 1751 salutat
2414 1706 2562 1770 prae
2597 1686 2832 1770 gaudio

589 1792 957 1871 lacrimans;
1007 1794 1183 1875 pater
1231 1792 1283 1857 ei
1320 1793 1653 1876 opprobria
1699 1793 1892 1875 facit,
1920 1794 2085 1876 quod
2118 1794 2342 1859 fratres
2375 1812 2499 1859 non
2532 1793 2827 1859 unanimi

589 1900 832 1965 hostem
866 1899 1200 1965 Gildonem
1246 1898 1703 1983 ingrediantur.
1763 1901 2037 1966 Honorio
2071 1919 2224 1967 avus
2273 1902 2425 1965 item
2471 1901 2826 1983 exprobrat,

590 2008 755 2091 quod
802 2026 970 2073 nunc
1016 2006 1296 2072 Africam
1346 2006 1532 2072 Gildo
1580 2009 1790 2073 teneat
1821 2009 1915 2073 tot
1943 2008 2267 2091 tantisque
2313 2026 2454 2073 cum
2501 2007 2829 2073 laboribus

586 2112 1009 2199 periculisque
1056 2134 1092 2179 a
1137 2112 1435 2180 Romanis
1484 2117 1905 2199 expugnatam
1938 2117 2464 2200 occupatamque;
2530 2116 2829 2199 exsurgat

588 2240 777 2305 nepos
826 2241 858 2286 e
904 2225 1058 2303 tore,
1105 2222 1363 2286 invadat
1408 2223 1733 2304 rebellem,
1782 2222 2046 2288 desistat
2092 2222 2342 2288 morari.
2427 2221 2675 2287 Fratres
2724 2220 2826 2287 his

584 2326 793 2393 verbis
862 2328 1109 2394 incitati
1184 2330 1418 2394 bellum
1482 2333 1724 2412 parant.
1821 2330 2136 2394 Honorius
2222 2348 2429 2395 socero
2478 2328 2829 2395 Stilichone

586 2435 881 2500 arcessito
930 2434 1054 2500 sibi
1111 2455 1222 2519 per
1268 2455 1557 2500 somnum
1621 2432 2044 2501 Theodosium
2093 2436 2455 2520 apparuisse
2502 2435 2564 2499 et
2609 2434 2829 2500 futura

584 2542 1061 2626 praenuntiasse
1131 2542 1306 2608 dicit.
1429 2542 1563 2608 Hoc
1635 2544 1767 2609 loco
1841 2544 2049 2608 larvae
2117 2542 2438 2609 incitando
2509 2544 2823 2608 actionem

583 2651 971 2733 promovent.
1064 2649 1509 2715 introducendi
1579 2649 1739 2715 ratio
1811 2649 2024 2715 eadem
2073 2651 2188 2730 est,
2261 2664 2419 2734 quae
2474 2650 2639 2734 apud
2689 2650 2818 2713 Ho-

582 2775 827 2822 merum
875 2766 937 2821 et
982 2757 1258 2840 posteros
1306 2759 1519 2840 poetas
1569 2758 1714 2823 usui
1764 2760 1894 2822 est:
1968 2757 2033 2821 di
2081 2760 2191 2822 aut
2234 2756 2522 2840 Iuppiter
2569 2757 2703 2841 ipse
2751 2757 2822 2822 in

585 2862 841 2928 deorum
875 2865 1184 2928 conventu
1212 2863 1474 2929 consilio
1507 2864 1720 2948 aliquo
1754 2865 1933 2947 capto
1967 2864 2263 2928 nuntium
2297 2864 2584 2928 mittunt.
2634 2862 2819 2941 Quod

585 2968 692 3034 hic
737 2969 949 3054 agitur
998 2969 1073 3035 de
1121 2970 1430 3051 mostello,
1466 2970 1604 3035 Laii
1653 2988 1944 3035 ascensus
1993 2970 2161 3055 apud
2195 2970 2468 3037 Statium
2500 2969 2720 3052 (Theb.
2754 2969 2822 3037 11

584 3077 621 3140 7
672 3080 843 3160 sqq.)
880 3074 1062 3141 nobis
1132 3077 1196 3142 in
1268 3078 1541 3143 mentem
1612 3077 1814 3158 venit3
1884 3078 2152 3161 utroque
2209 3078 2344 3142 loco
2391 3096 2662 3162 quanam
2709 3076 2820 3141 via

582 3185 844 3249 umbrae
890 3183 970 3249 ad
1017 3204 1161 3249 suos
1217 3184 1637 3268 pervenerint,
1687 3187 1993 3251 narratur.
2069 3183 2566 3250 Similitudinem
2613 3202 2822 3268 quan-

582 3290 726 3355 dam
774 3290 1120 3357 sententiae
1166 3290 1407 3373 aliquot
1472 3290 1787 3372 exhibent,
1858 3310 2002 3355 nam
2051 3288 2218 3375 apu'd
2268 3289 2540 3357 Statium
2587 3288 2813 3372 (Theb.

578 3397 643 3466 II
691 3399 775 3462 59
825 3401 972 3483 sq.),
1050 3398 1164 3462 ubi
1230 3397 1582 3462 Mercurius
1644 3401 1707 3462 et
1752 3398 1942 3463 Laius
2020 3417 2091 3462 ex
2168 3397 2386 3462 inferis
2459 3400 2816 3481 evaserunt,

578 3505 689 3571 hos
736 3524 955 3571 versus
1002 3504 1361 3569 invenimus
1384 3530 1399 3568 ι

799 3648 945 3711 inde
980 3669 1097 3734 per
1142 3659 1459 3712 arcturum
1503 3649 1954 3734 mediaeque
1997 3649 2354 3713 silentia
2400 3648 2624 3712 lunae

798 3777 951 3819 arva
995 3776 1182 3840 super
1214 3755 1599 3841 populosque
1643 3767 1844 3823 meat.
1941 3753 2175 3841 Sopor
2219 3756 2432 3819 obvius
2476 3755 2578 3819 illi

702 3848 707 3853 ⁸
794 3865 987 3926 noctis
1032 3860 1249 3949 aqebat
1289 3883 1471 3947 equos

574 3970 638 4057 et
684 3970 852 4055 apud
901 3968 1322 4037 Claudianum
1372 3970 1455 4055 (v,
1504 3971 1635 4035 213
1683 3973 1843 4056 sqq.)

592 4344 608 4357 „
750 4291 794 4359 ¹)
833 4290 914 4346 Cf.
952 4307 1117 4363 supra
1156 4310 1208 4363 p.
1246 4295 1333 4348 49.

618 4392 623 4399 ·
747 4380 792 4451 1)
830 4380 913 4437 Cf.
951 4398 1120 4453 supra.
1155 4400 1207 4453 p.
1245 4381 1331 4437 53.

745 4469 791 4542 ⁸)
829 4469 913 4527 01.
950 4486 1119 4543 supra
1153 4488 1207 4543 p.
1246 4472 1331 4528 61.
