3242 5059
1220 383 1661 449 ...37-

322 583 620 670 Anchisis
692 582 969 646 animam
1040 579 1183 663 ((IV
1232 579 1347 643 351
1410 597 1569 663 sqq.,
1641 576 1698 639 V
1758 577 1878 641 721
1934 579 2118 659 sqq.).
2177 574 2562 643 Cassandrae

324 692 595 775 speciem
689 689 797 772 (V.
856 689 981 752 636
1032 688 1221 771 sqq.),
1318 687 1517 751 Fauni
1618 686 1944 749 oraculum
2023 684 2168 762 (VII
2246 684 2321 748 81
2379 688 2562 769 sqq.).

318 798 755 875 Transeamus
788 796 863 859 ad
899 795 1349 877 imperatorum
1396 795 1754 876 temporum
1803 794 2035 875 poetas.
2114 791 2341 855 Poetae
2387 790 2564 867 illius

319 904 546 970 aetatis
600 910 663 966 et
710 900 872 985 epici
920 904 983 964 et
1027 900 1255 984 tragici
1288 918 1499 963 omnes
1548 899 1754 962 multa
1799 898 1876 961 de
1923 898 2217 963 manibus
2265 898 2561 981 spectris,-

323 1030 447 1094 que
519 1008 905 1074 carminibus
976 1007 1107 1072 suis
1178 1009 1242 1070 et
1315 1006 1555 1070 fabulis
1627 1005 2049 1069 inseruerunt.
2155 1001 2280 1082 Qui
2349 1022 2582 1069 omnes.

326 1119 393 1182 et
483 1116 842 1199 Vergilium
934 1116 997 1179 et
1087 1113 1373 1195 exempla
1465 1112 1702 1177 Graeca
1791 1112 2147 1190 imitantur,
2242 1110 2566 1176 rhetorum

330 1227 541 1290 autem
614 1221 952 1304 disciplina
1020 1220 1303 1285 instituti
1374 1219 1593 1284 multis
1664 1219 1982 1302 variisque
2041 1218 2374 1285 coloribus
2437 1219 2562 1283 lar·

323 1352 435 1396 vas
513 1331 829 1395 exornant.
952 1327 1174 1411 Itaque
1244 1328 1415 1411 apud
1484 1346 1585 1391 eos
1665 1325 2154 1415 similitudinem
2245 1328 2567 1409 quandam

325 1439 394 1502 in
468 1436 894 1501 describendis
968 1434 1150 1499 rebus
1220 1434 1439 1498 inferis
1514 1452 1648 1497 esse
1718 1434 1982 1517 probare
2051 1452 2428 1516 possumus;
2499 1452 2570 1499 ex

326 1564 602 1629 quonam
683 1544 953 1626 quisque
1023 1540 1322 1620 hauserit,
1395 1540 1674 1621 dilucide
1766 1539 2068 1622 indagare
2145 1559 2268 1604 non
2347 1560 2568 1623 possu-

328 1670 491 1715 mus.
587 1649 931 1713 Seneca
976 1648 1215 1731 prologi
1282 1646 1852 1716 enarrandicausa
1924 1645 2126 1711 larvas
2203 1648 2569 1730 apparentes

331 1759 506 1838 facit,
556 1759 628 1821 ut
675 1754 1031 1838 Euripides,
1077 1754 1417 1818 Tantalum
1464 1753 1747 1836 (Thyest.
1796 1774 1853 1817 v.
1912 1757 1937 1816 l
1995 1756 2178 1836 sqq.),
2227 1753 2569 1838 Thyestam

330 1867 582 1947 (Agam.
636 1883 688 1925 v.
747 1865 767 1923 1
828 1863 1010 1944 sqq.),
1081 1862 1364 1924 narratas
1414 1860 1652 1941 species
1709 1859 1961 1924 exhibet
2030 1866 2103 1923 ut
2158 1859 2294 1925 Laii
2353 1879 2567 1925 evoca·

327 1972 565 2035 tionem
616 1968 799 2049 (Oed.
850 1987 904 2031 v.
957 1968 1084 2031 530
1134 1970 1321 2049 sqq.),
1374 1966 1644 2029 Achillis
1679 1968 1970 2031 umbram
2004 1966 2381 2050 Polyxenam
2429 1986 2572 2051 pos·
2653 1984 2657 1988 ·

335 2080 577 2141 centem
629 2074 883 2159 (Troad.
933 2094 989 2139 V.
1046 2075 1169 2137 170
1198 2079 1383 2157 sqq.),
1434 2072 1613 2136 cuius
1648 2074 1714 2135 in
1748 2072 2194 2155 compositione
2239 2075 2314 2137 ab
2349 2072 2575 2140 Ovidi-o

332 2184 563 2266 pendet
611 2182 786 2262 (Met.
838 2180 992 2245 XIII
1042 2182 1170 2245 440
1219 2183 1401 2262 sqq.),
1451 2179 1738 2243 Hectoris
1787 2180 2218 2261 simulacrum,
2284 2181 2448 2263 quod
2497 2182 2576 2246 ad

335 2290 605 2373 Vergilii
654 2288 967 2371 exemplar
1013 2288 1200 2370 (Aen.
1253 2285 1314 2349 11
1365 2288 1491 2350 268
1527 2286 1692 2371 sqq.)
1745 2285 1945 2367 finxit,
1995 2287 2264 2351 visiones
2316 2287 2579 2353 adhibet

337 2406 414 2461 ut
460 2396 749 2461 Hectoris
798 2393 1045 2474 (Troad.
1096 2413 1154 2459 v,
1191 2396 1310 2457 681
1354 2395 1538 2476 sqq.),
1590 2392 1849 2475 Absyrti
1898 2392 2092 2474 (Med.
2141 2413 2198 2457 v.
2234 2394 2363 2458 963
2392 2397 2577 2479 sqq.),

338 2504 775 2577 Troianorum,
812 2498 1196 2565 Cassandrae
1228 2498 1537 2579 affinium,
1571 2501 1820 2581 (Agam.
1850 2518 1906 2563 v,
1943 2502 2064 2563 741
2097 2503 2281 2583 sqq.).
2346 2502 2580 2585 Agrip-

339 2611 488 2694 pina
514 2610 581 2673 in
608 2608 930 2672 Octavia
962 2610 1044 2687 (v,
1083 2608 1209 2671 593
1238 2610 1402 2690 sqq.)
1436 2609 1495 2669 et
1529 2603 2016 2689 Clytaemestrae
2047 2607 2362 2691 (Aeschyl.
2398 2608 2582 2677 Eum.

334 2738 395 2781 v.
472 2717 555 2781 94
605 2718 769 2799 sqq.)
842 2716 903 2777 et
996 2714 1303 2796 Polydoro
1372 2711 1613 2797 (Enrip.
1685 2712 1837 2778 Hec.
1903 2732 1956 2777 v.
2036 2717 2066 2776 1
2119 2717 2283 2798 sqq.)
2351 2715 2584 2781 similis

339 2826 473 2901 est;
523 2822 819 2887 Octaviae
870 2821 951 2904 (v.
1014 2823 1130 2883 115
1166 2821 1332 2902 sqq.)
1382 2821 1443 2883 et
1475 2819 1915 2902 Poppaeae.(v.
1955 2819 2082 2884 730
2130 2823 2295 2903 sqq.)
2343 2823 2586 2887 somnia

338 2950 511 2995 more
558 2930 790 2993 usitato
850 2927 1194 3009 composita
1242 2934 1419 3009 sunt.
1506 2925 1854 2990 Lucanus
1901 2928 2081 3009 poeta
2129 2928 2339 3010 epicus
2386 2928 2586 2994 Iuliae

348 3055 680 3101 ascensum
752 3034 1053 3097 describit
1121 3032 1364 3112 (Phars.
1416 3032 1510 3096 III
1559 3036 1598 3097 9
1649 3036 1848 3117 sqq.);
1927 3033 2138 3097 Crassi
2209 3034 2445 3116 species
2515 3055 2586 3100 ex

348 3145 673 3209 rhetorum
722 3141 973 3205 officina
1018 3140 1203 3204 fluxit
1248 3139 1429 3220 (XIII
1477 3142 1597 3205 431
1655 3144 1839 3224 sqq.).
1906 3140 2203 3205 Libenter
2250 3145 2430 3223 poeta
2481 3162 2584 3207 ae-

348 3270 470 3334 que
504 3268 574 3313 ac
601 3248 833 3332 posteri
866 3247 1158 3310 manibus
1195 3246 1466 3329 prodigii
1510 3264 1715 3328 causa,
1766 3266 1909 3311 cum
1944 3248 2160 3331 gravia
2197 3247 2588 3331 impendent,

346 3356 569 3421 utitur.
664 3353 985 3418 Valerii
1034 3352 1306 3417 Flacci
1358 3357 1607 3417 narrata
1657 3353 1871 3417 Phrixi
1945 3354 2115 3417 larva
2161 3353 2216 3435 (1
2265 3356 2346 3419 47
2398 3357 2590 3440 sqq.),

351 3461 716 3526 Alcimedae
797 3462 1231 3526 necromantea
1301 3460 1355 3539 (Ι
1406 3462 1532 3525 730
1612 3468 1796 3544 sqq.),
1867 3460 2069 3544 Hylae
2116 3464 2431 3543 spectrum
2479 3462 2593 3543 (IV

261 3582 265 3587 ’
353 3573 437 3633 22
488 3571 673 3651 sqq.),
767 3585 979 3630 manes
1060 3568 1370 3629 certamen
1448 3565 1727 3631 Pollucis
1801 3569 1863 3631 et
1934 3569 2156 3652 Amyci
2242 3570 2594 3650 spectantes

351 3676 468 3758 (IV
520 3676 644 3738 257
698 3675 848 3756 sq.),
897 3672 1179 3736 Stheneli
1202 3691 1494 3736 ascensus
1543 3675 1619 3736 ad
1653 3673 1968 3756 Apollonii
2020 3672 2372 3758 exemplum
2411 3674 2593 3738 fictus

355 3782 431 3867 (V
482 3783 556 3846 81
616 3783 797 3862 sqq),
848 3778 1088 3868 ‘Phrixi
1161 3797 1443 3843 socerum
1515 3782 1828 3844 exterrens
1901 3800 2014 3844 vox
2086 3779 2171 3864 (V
2232 3783 2350 3845 231
2409 3786 2594 3864 sqq.),

354 3906 542 3971 quam
580 3887 838 3968 vulgata
867 3885 1059 3949 fuerit
1114 3886 1499 3966 spectrorum
1532 3886 1764 3967 opini0,
1843 3885 2294 3952 demonstrant.
2341 3886 2592 3965 Quanta

357 4013 497 4058 cum
536 3992 859 4075 voluptate
892 3991 954 4053 in
984 3991 1169 4054 rebus
1207 3990 1422 4054 inferis
1456 3992 1889 4055 describendis
1917 3996 2198 4057 versatus
2226 3993 2314 4058 sit
2337 3991 2598 4059 Silius

355 4099 563 4163 Itali
585 4115 721 4161 cus
771 4114 841 4161 ex
874 4096 1095 4161 multis
1131 4096 1281 4159 locis
1315 4097 1545 4179 quibus
1581 4098 1658 4161 de
1689 4098 1983 4163 manibus
2012 4099 2313 4183 loquitur,
2363 4103 2427 4164 et
2457 4119 2600 4164 sen-

356 4206 587 4269 tentias
636 4206 698 4268 et
745 4203 1087 4268 locutiones
1158 4222 1229 4267 ex
1274 4203 1475 4285 poetis
1524 4204 2042 4285 praecedentibus
2115 4207 2432 4286 haurienS,
2498 4206 2594 4270 di-

359 4312 569 4375 lucide
618 4312 916 4394 apparet,
969 4327 1121 4392 quos
1171 4309 1333 4373 locos
1383 4309 1485 4373 hic
1532 4329 1862 4375 enumero:
1913 4310 2073 4374 Pun.
2122 4313 2153 4377 I
2203 4313 2283 4376 81
2335 4332 2493 4396 sqq.,
2541 4313 2604 4381 11

362 4417 514 4499 296,
564 4418 717 4495 426,
769 4417 897 4479 704
931 4434 1048 4500 sq.,
1097 4414 1191 4478 III
1232 4417 1350 4479 139
1388 4435 1503 4499 sq.,
1539 4415 1686 4481 VIII
1721 4419 1843 4481 641
1876 4435 2034 4500 sqq.,
2082 4416 2262 4482 XVII
2298 4420 2418 4484 160
2443 4438 2604 4503 sqq.,
