3242 5059
28 1378 36 1412 τ

1298 412 1561 480 ..·..·33
1653 451 1739 464 .-

1335 662 1350 676 .
1378 660 1396 678 .
1424 662 1438 676 .
1456 610 1666 697 βροτέῃ
1713 612 1997 685 &todem
2045 616 2248 697 μορφῇ

793 720 1011 803 κοῦφον
1060 718 1333 801 ὀνειρείης
1352 720 1398 799 ¹)
1447 724 1674 801 σκιερῆς
1719 717 1966 782 εἴδωλον
2013 712 2252 803 ὀπωπῆς

788 824 947 907 ἀνδρὶ
990 827 1281 911 νεουτήτῳ
1326 827 1674 909 πανομοίιον,
1725 824 1848 910 εἶχε
1895 826 1962 890 δὲ
2009 826 2166 909 δειλὴ

790 932 1006 995 στικτὸν
1052 929 1401 1015 ἀσημάντοιο
1448 932 1627 1017 φόνου
1676 936 1900 1018 κήρυὶια
1944 938 2178 1018 χιτῶνα,

789 1038 982 1122 αἵματι
1028 1039 1383 1124 φοινίσσοντα
1427 1041 1523 1103 καὶ
1567 1039 1922 1125 αὐχμώοντα
1966 1040 2126 1123 κονίῃ

789 1146 1089 1231 ῥωγαλέον
1131 1149 1417 1230 πληγῇσιν
1462 1146 1785 1233 ἀμοιβαίοιο
1833 1148 2088 1231 σιδήρου.

579 1252 806 1317 Manus
852 1254 1081 1318 tollens
1112 1255 1338 1318 umbra
1366 1254 1539 1319 filiae
1568 1254 1846 1319 ostendit
1875 1255 2158 1332 vulnera,
2209 1274 2370 1339 quae
2399 1242 2637 1319 lamen-

392 1359 541 1423 tans
590 1359 657 1421 in
705 1360 945 1425 somnio
991 1360 1137 1426 flere
1186 1362 1435 1426 videtur
1480 1364 1725 1445 patrem
1772 1364 1904 1426 tam
1936 1360 2256 1426 foedatum
2304 1361 2636 1445 aspiciens,

392 1464 520 1529 Ille
566 1484 715 1531 nece
762 1486 871 1533 sua
926 1470 1205 1551 exposita
1250 1469 1638 1549 adhortatur,
1688 1470 1760 1533 ut
1806 1487 1872 1533 se
1928 1468 2171 1550 defleat,
2229 1488 2490 1551 eamque
2538 1469 2636 1532 in-

398 1574 667 1655 nuptam
716 1572 847 1639 fore
892 1574 1217 1658 praedicit.
1314 1575 1535 1640 Puella
1582 1578 1937 1661 experrecta
1985 1578 2160 1659 patre
2208 1577 2490 1660 quaesito
2525 1576 2637 1639 'in-

395 1682 714 1763 ventoque
761 1700 827 1745 se
873 1681 1221 1764 suspendit.
1288 1680 1492 1761 Quem
1540 1701 1868 1748 ascensum
1903 1688 2048 1765 apte
2094 1685 2278 1766 poeta
2322 1682 2636 1764 adhibuit,

395 1799 473 1852 ut
518 1806 649 1852 rem
720 1788 901 1853 antea
955 1788 1185 1853 factam
1260 1792 1470 1853 narret
1524 1792 1588 1853 et
1657 1790 1938 1873 legentes
1999 1789 2078 1853 ad
2139 1789 2637 1855 misericordiam

394 1894 597 1977 patris
690 1895 977 1960 adducat.
1120 1896 1201 1960 Et
1292 1900 1579 1961 accurata
1673 1895 2012 1979 descriptio
2105 1898 2166 1961 et
2259 1896 2636 1961 narrationis

397 2004 846 2084 argumentum
882 2002 1143 2087 Ceycem
1178 2002 1561 2068 Ovidianum
1611 2004 1789 2084 (Met.
1841 2004 1932 2067 XI
1981 2004 2106 2068 653
2143 2004 2312 2088 sqq.)
2359 2004 2538 2068 nobis
2572 2003 2638 2067 in

397 2108 769 2173 memoriam
840 2112 1057 2187 vocat-3
1129 2112 1467 2193 utrumque
1537 2112 1786 2194 poetam
1856 2110 2025 2174 idem
2094 2109 2260 2195 γένος
2331 2109 2640 2174 Graecum

400 2215 585 2297 sequi
632 2214 971 2281 verisimile
1043 2219 1155 2281 est.
1281 2217 1468 2281 Icarii
1540 2236 1834 2282 ascensus
1912 2222 2358 2301 argumentum
2436 2210 2516 2281 ex'
2563 2214 2637 2295 Q.

396 2322 603 2386 Tullii
652 2320 969 2387 Ciceronis
1019 2324 1253 2405 fabula,
1330 2343 1489 2408 quae
1536 2324 1910 2389 inscribitur
1955 2324 2250 2406 Erigona,
2311 2320 2637 2407 sump’tum

400 2448 537 2493 esse
564 2430 856 2512 opinatur
880 2431 1266 2497 Ribbeckius
1284 2432 1355 2513 ²).
1406 2432 1691 2497 Fortasse
1717 2432 1844 2496 iam
1879 2432 2048 2515 apud
2075 2414 2438 2496 Ciceronem
2453 2430 2637 2495 Icarii

399 2539 721 2619 spectrum
769 2539 987 2602 eodem
1029 2538 1211 2602 modo
1244 2539 1413 2603 filiae
1462 2558 1679 2603 necem
1737 2558 1915 2603 suam
1954 2538 2216 2619 detexit,
2267 2538 2637 2622 praesertim

400 2662 567 2721 cum,
616 2646 903 2727 utsupra
949 2648 1034 2727 (p.
1092 2647 1169 2709 16
1199 2650 1362 2730 sqq.)
1386 2630 1710 2725 ‘vidimu8,
1740 2664 1923 2728 saepe
1948 2648 2164 2728 poetae
2190 2645 2418 2729 tragici
2445 2644 2638 2710 simu·

400 2750 589 2815 lacris
622 2751 719 2815 uti
755 2752 1017 2832 soleant,
1051 2760 1125 2816 ut
1158 2754 1609 2836 spectantibus,
1662 2754 1968 2837 quomodo
2009 2752 2329 2835 perierint,
2365 2755 2638 2819 narrent.

403 2856 645 2922 Icarius
695 2860 926 2924 vulnus
975 2860 1362 2924 demonstrat
1411 2861 1742 2944 scelusque
1775 2859 1978 2943 aperit
2025 2860 2245 2939 eodem¹
2289 2858 2470 2923 modo
2520 2879 2641 2942 quo

400 2962 719 3047 Sychaeus
769 2966 980 3049 (Verg.
1030 2966 1185 3032 Aen.
1233 2966 1265 3029 I
1313 2968 1440 3031 353
1490 2970 1654 3049 sqq.)
1747 2966 1982 3030 Didoni
2053 2987 2232 3027 aram
2297 2976 2351 3028 et
2419 2966 2643 3028 vulnus

401 3072 697 3138 ostendit.
794 3073 962 3137 Num
1010 3073 1271 3137 Nonnus
1328 3074 1490 3137 hanc
1557 3093 1692 3137 rem
1763 3093 1836 3137 ex
1885 3071 2164 3155 Vergilio
2236 3070 2642 3155 sumpsit?⁸).

591 3180 835 3244 Baccho
911 3198 1118 3245 amore
1194 3179 1402 3245 Aurae
1479 3183 1542 3244 et
1618 3180 1964 3263 cupiditate
2012 3198 2154 3243 cum
2233 3198 2305 3243 ea
2381 3180 2643 3244 coeundi

402 3289 587 3369 capto
641 3287 957 3351 Ariadnae
1004 3287 1179 3351 larva
1240 3287 1304 3351 in
1374 3288 1613 3352 somnio
1679 3288 1938 3370 apparet
1982 3285 2280 3369 (XLVIII
2322 3284 2451 3351 530
2478 3289 2642 3371 sqq.)

403 3413 693 3478 eumque,
743 3394 906 3478 quod
956 3414 1163 3458 amore
1214 3394 1894 3459 Aurae-inflammatus
1963 3393 2186 3477 suique
2245 3393 2482 3458 oblitus
2531 3394 2634 3475 sit,

407 3501 702 3583 obiurgat
748 3502 981 3565 multos
1032 3502 1165 3564 eius
1214 3520 1455 3565 amores
1490 3519 1894 3580 enumerans;
1957 3500 2120 3564 Naxi
2167 3518 2315 3564 saxa
2349 3498 2639 3565 adhorta-

407 3611 537 3689 tur,
585 3610 657 3672 ut
701 3608 1037 3688 Theseum,
1095 3627 1280 3692 quem
1328 3608 1626 3673 conviciis
1675 3607 2262 3688 afficit,·advocent.
2356 3607 2644 3692 Denique

401 3716 642 3780 frustra
720 3717 781 3779 et
856 3715 1093 3780 Theseo
1172 3717 1234 3779 et
1328 3716 1569 3780 Baccho
1653 3734 1718 3779 se
1809 3714 2141 3799 opprobria
2219 3714 2420 3779 facere
2498 3734 2643 3779 con-

406 3824 575 3887 fessa
620 3823 783 3887 fumi
832 3822 1062 3887 similis
1099 3823 1399 3887 abscedit.
1496 3822 1780 3886 Bacchus
1831 3840 2046 3905 sopore
2083 3822 2366 3885 discusso
2418 3821 2640 3885 Ariad-

406 3949 557 3995 nam
627 3932 959 3995 miseratus
1026 3931 1242 3994 statim
1315 3948 1471 3993 nova
1541 3928 1806 3994 consilia
1877 3930 2086 3995 struit.
2191 3929 2326 3995 Hoc
2399 3948 2646 4015 quoque

595 4124 635 4193 ¹)
674 4127 828 4181 Hanc
865 4142 1081 4196 quoque
1118 4125 1453 4181 locutionem
1491 4124 1718 4179 Nonnus
1755 4141 1818 4179 ex
1856 4124 2092 4180 Homero
2132 4126 2368 4195 sumpsit
2405 4123 2459 4192 (λ
2499 4124 2643 4193 222),

410 4214 507 4270 ubi
550 4214 807 4269 Anticlea
842 4214 986 4269 Ulixi
1025 4215 1239 4269 animae
1276 4220 1529 4269 naturam
1568 4214 1791 4283 exponit
1829 4214 1917 4267 hia
1955 4215 2164 4269 verbis:

893 4306 1030 4377 ψυχὴ
1069 4301 1225 4375 δ’ἠὺτ’
1264 4303 1441 4373 ὄνειρος
1479 4303 1801 4373 ἀποπταμένη
1839 4304 2126 4373 πεπότηται.

587 4394 609 4428 ¹
674 4394 727 4449 L.
768 4394 804 4449 l.
880 4435 897 4452 .
936 4394 1057 4448 621.

592 4396 636 4555 ιΒ)
675 4412 914 4539 Κοοωίἱ·
949 4484 985 4539 1.
1022 4484 1059 4539 1.
1100 4502 1152 4554 p.
1191 4484 1261 4539 88
1302 4484 1507 4539 fontem
1564 4483 1728 4539 huius
1765 4482 1988 4539 fabulae
2042 4484 2294 4555 ignotum
2334 4501 2454 4539 esne
2492 4484 2646 4540 dicit.

2258 4570 2324 4626 δ’
