3242 5059
1641 417 2077 481 -22-

738 613 924 677 Most.
981 634 1032 676 ν.
1088 616 1265 694 500).
1359 614 1627 677 Plautus
1688 614 1887 695 igitur
1935 615 2078 697 apte
2125 614 2189 676 in
2244 594 2365 677 hac*
2406 614 2729 678 comoedia
2778 616 2990 698 spect-

740 737 951 785 rorum
1025 720 1533 804 superstitionem
1607 720 1900 785 adhibuit
1970 721 2031 784 et
2108 721 2174 784 in
2222 720 2557 785 Tranionis
2630 722 2996 787 narratione

741 828 1096 908 excoluit1).
1615 828 1621 833 ’

922 933 1040 999 Sed
1090 936 1302 1000 redeat
1348 934 1631 1017 quaestio
1678 935 1755 999 ad
1804 936 1921 999 tra
1942 934 2165 1019 gicos

920 1042 1299 1125 Priusquam
1341 1030 1346 1035 ’
1393 1041 1471 1105 ad
1573 1040 1779 1124 epicos
1881 1044 2217 1123 transeam,
2316 1044 2587 1127 tragicos
2678 1042 2995 1107 Romanos

739 1149 1018 1213 tractabo
1096 1150 1439 1231 propterea,
1519 1148 1684 1231 quod
1734 1149 2156 1213 Romanorum
2233 1151 2595 1233 tragoediae
2670 1150 2725 1213 si
2772 1150 2991 1215 minus

741 1274 954 1321 omnes
1034 1258 1099 1319 at
1167 1257 1376 1319 tamen
1426 1256 1742 1339 plurimae
1808 1276 1843 1319 a
1892 1256 2145 1321 Graecis
2202 1259 2495 1340 pendent.
2593 1256 2859 1321 Romani
2907 1258 2976 1321 in

741 1364 856 1427 hoc
902 1363 1260 1427 litterarum
1310 1378 1533 1444 genere
1583 1382 1703 1429 non
1754 1364 1966 1427 minus
2016 1382 2206 1447 quam
2252 1365 2317 1428 in
2352 1364 2741 1428 carminibus
2789 1364 2983 1447 epicis

742 1455 1023 1533 Graecos
1055 1470 1416 1546 imitantur;
1494 1490 1568 1533 ex
1613 1468 1695 1533 iis
1746 1470 2000 1549 fabulis,
2074 1471 2307 1554 quippe
2356 1490 2623 1554 quarum
2675 1491 2988 1554 perpauca

741 1577 1100 1661 fragmenta·
1142 1578 1218 1640 ad
1270 1596 1378 1641 nos
1427 1578 1843 1660 pervenerint,
1904 1577 2134 1642 Seneca
2192 1581 2461 1661 excepto,
2536 1596 2656 1641 non
2706 1579 2982 1643 multum

739 1686 804 1747 in
855 1685 1135 1748 nost-ram
1185 1704 1316 1748 rem
1365 1685 1681 1767 percipere
1730 1684 2083 1765 possumus,

918 1791 1080 1854 Ante
1151 1790 1422 1855 Ilionam
1499 1792 1566 1854 in
1634 1791 1929 1857 'Pacuvii
2008 1790 2207 1855 Iliona
2277 1793 2355 1855 ab
2426 1791 2721 1855 inferiore
2768 1791 2977 1855 aulaei

729 1897 980 1981 -parte²)
1053 1898 1357 1963 sorditata
1405 1898 1683 1980 Deiphili
1757 1899 1957 1961 necati
2028 1898 2253 1961 umbra
2326 1898 2584 1982 lugubri
2646 1898 2865 1962 habitu
2912 1916 2979 1961 se

738 2004 928 2079 tollii,
979 2024 1137 2087 quae
1185 2024 1220 2068 a
1265 2006 1466 2069 matre
1517 2025 1661 2068 nece
1709 2024 1823 2069 sua
1870 2004 2181 2082 nuntiata,
2243 2007 2315 2068 ut
2362 2006 2707 2089 sepeliatur
2752 2024 2977 2087 corpus

741 2110 1042 2175 fluctibus
1092 2112 1168 2175 ad
1218 2111 1372 2175 litus
1421 2112 1713 2191 eiectum,
1761 2112 1923 2194 petit
1971 2111 2069 2175 his
2116 2110 2323 2175 verbis
2372 2111 2584 2195 (frgm.
2634 2111 2753 2193 IV)
2770 2109 2847 2190 ³):

827 2229 1026 2281 mater
1070 2201 1146 2280 te.
1169 2203 1444 2303 appello:
1493 2230 1563 2281 tu
1608 2240 1765 2301 quae
1812 2240 2027 2281 curam
2073 2238 2283 2280 somno
2328 2240 2688 2302 suspensam
2734 2218 2896 2281 levas

826 2346 1016 2410 neque
1060 2336 1114 2388 te
1157 2328 1280 2389 mei
1323 2328 1583 2405 miseret,
1633 2346 1818 2409 surye
1863 2337 1916 2387 et
1960 2326 2149 2408 sepeli
2192 2336 2417 2387 natum
2465 2322 2695 2412 [tuum]

814 2436 1194 2518 piusquam
1239 2432 1410 2514 ferae
1456 2432 1839 2515 volucresque
1889 2483 1901 2495 .
1954 2476 1970 2492 .
2024 2485 2035 2497 .

826 2562 947 2603 neu
993 2540 1294 2622 reliquias
1337 2541 1428 2602 sic
1473 2560 1641 2600 meas
1686 2540 1881 2625 sireis·
1916 2538 2242 2601 denudatae
2288 2538 2523 2602 ossibus

824 2668 938 2730 per
982 2656 1214 2709 terram
1260 2648 1435 2708 sanie
1481 2645 1783 2708 delibutas
1827 2646 2003 2727 foede
2050 2646 2415 2712 divexarier.

919 2751 1088 2816 Haec
1156 2774 1296 2815 cum
1357 2754 1590 2835 pressis
1659 2763 1713 2814 et
1774 2752 2074 2824 flebilibus
2118 2753 2337 2829 modis,
2386 2754 2500 2836 qui
2544 2756 2684 2816 totis
2732 2752 2987 2815 theatris·

725 2862 1120 2925 maestitiam
1167 2859 1464 2942 inferant,
1514 2861 1919 2923 concinuntur
1948 2858 2019 2939 ⁴).
2089 2858 2269 2922 Certe
2308 2860 2671 2923 mostellum
2719 2863 2982 2923 mortem

739 2987 922 3033 suam
978 2968 1041 3031 et
1109 2966 1572 3031 interfectorem
1636 2947 1943 3029 indicavit
1969 2964 2037 3045 ὅ).
2134 2964 2261 3029 Ubi
2332 2966 2533 3029 Iliona
2602 2965 2978 3050 expergisci-

747 3147 966 3201 scharrt
1002 3144 1220 3199 worden
1261 3144 1340 3197 sei
1379 3172 1432 3183 -—
1488 3141 1700 3197 obwohl
1740 3158 1796 3195 es
1835 3159 1881 3197 v.
1922 3142 2023 3195 50⁴2
2064 3142 2276 3197 defodit
2331 3143 2663 3212 insepultum
2702 3144 2878 3199 heisst·
2919 3172 2979 3182 —

748 3234 984 3291 sondern
1023 3250 1082 3288 er
1119 3238 1244 3302 sagt
1281 3249 1331 3285 v.
1368 3232 1472 3286 499
1513 3248 1592 3301 sq.
1634 3248 1769 3299 ganz
1826 3231 2037 3298 andei-s,
2076 3233 2206 3300 quia
2252 3237 2598 3302 praemature
2636 3232 2754 3285 vita.
2790 3230 2981 3292 careo';

742 3324 894 3379 diese
931 3322 1291 3390 Vorstellung
1347 3322 1423 3374 ist
1479 3322 1606 3373 weit
1643 3320 1882 3374 seltener
1931 3320 2043 3373 und
2081 3319 2337 3374 uuklarer
2372 3321 2461 3375 boi
2501 3320 2605 3375 don
2646 3320 2843 3375 Alton:
2896 3337 2980 3373 am

719 3412 1137 3468 ·bekanntestom
1169 3412 1269 3464 -ist
1307 3408 1536 3464 Homers
1575 3409 1695 3480 ὑπὲρ
1734 3409 1886 3477 μόρον
1936 3408 2067 3463 oder
2104 3408 2415 3478 ῦπέρμορονε
2470 3409 2697 3477 jemand
2734 3409 2877 3463 kann
2918 3426 2981 3463 zu

749 3502 877 3557 frah
917 3500 1135 3557 sterben
1177 3500 1348 3555 durch
1385 3498 1593 3553 fremde
1634 3498 1845 3553 Gewalt
1884 3498 2015 3551 oder
2042 3497 2375 3552 Selbstmord
2414 3498 2528 3551 und
2552 3498 2778 3552 deshalb
2818 3498 2976 3551 keiue

748 3588 905 3644 Ruhe
945 3592 1018 3644 im
1041 3589 1220 3644 Grabe
1245 3588 1428 3642 finden
1458 3586 1616 3653 Verg.
1665 3589 1795 3642 Aen.
1834 3586 1909 3643 lv
1950 3587 2248 3650 693-705‚
2286 3586 2363 3641 VI
2389 3587 2527 3652 4263
2568 3586 2663 3641 der
2702 3587 2980 3652 Komiker‚

745 3678 837 3734 bei
901 3680 1022 3733 dem
1063 3694 1188 3733 man
1243 3679 1300 3731 in
1340 3676 1689 3746 dergleichen
1751 3675 1966 3745 Dingen
2006 3693 2092 3731 am
2132 3675 2565 3745 allerwenigsten
2605 3675 2981 3746 Genauigkeit

741 3769 858 3823 und
895 3767 1148 3823 Klarheit
1184 3767 1404 3821 sordem
1463 3766 1600 3828 dai-f,
1660 3766 1757 3820 hat
1811 3764 1971 3819 bcido
2010 3763 2442 3834 Auschauuugen
2502 3781 2624 3819 vom
2666 3764 2979 3835 insepultus

747 3857 860 3912 und
897 3862 1244 3929 praematura
1279 3859 1455 3911 morte
1491 3859 1809 3926 peremptus
1846 3852 2195 3908 vermischt.”

925 3946 1091 4015 ¹)·De
1127 3944 1422 3999 Catullo
1473 3949 1530 3999 et
1566 3942 1838 3997 Luscio
1894 3942 2265 3997 Lanuvino
2320 3941 2614 3997 Phasmate
2668 3942 2809 3997 nihil
2864 3958 2983 3998 cer-

735 4042 854 4092 tum
893 4040 993 4089 est.
2904 4068 2910 4073 -

925 4124 970 4191 ⁸)
1011 4123 1169 4189 Quod
1230 4123 1498 4177 adnotant
1553 4122 1774 4178 Scholia
1839 4120 1972 4176 Bob.
2025 4121 2100 4175 ad
2155 4120 2265 4177 Cic.
2318 4138 2419 4191 pro
2474 4122 2659 4177 Sestio
2717 4126 2853 4176 orat.
2911 4121 2981 4176 59

734 4214 842 4282 (ed.
879 4212 1114 4282 Stangi).
1734 4216 1737 4219 ’

908 4302 958 4371 ⁸)
995 4301 1086 4359 Cf.
1123 4302 1505 4369 Ribbeckium‚
1544 4302 1579 4357 1.
1618 4302 1655 4357 1.
1696 4318 1749 4371 p.
1792 4302 1895 4355 233
1932 4317 2052 4372 sqq.

911 4391 958 4458 ‘)
988 4391 1098 4446 Cic.
1137 4390 1298 4447 Tunc.
1338 4392 1544 4460 disput.
1582 4392 1629 4456 Ι,
1666 4391 1754 4444 44.

909 4480 958 4549 ⁸)
997 4478 1072 4536 G!
1121 4479 1503 4548 Ribbeckium‚
1539 4480 1574 4534 l.
1599 4480 1638 4534 1.
1675 4498 1729 4551 p.
1772 4478 1895 4534 284.
