3242 5059
1608 440 2045 506 —34—

707 639 772 702 in
825 636 1086 720 Sychaei
1133 637 1307 702 larva
1353 637 1480 701 iam
1529 636 1903 701 invenimus,
1999 636 2286 700 Primum
2336 637 2498 719 apud
2565 637 2775 719 poetas
2826 658 2959 699 non

709 744 1027 827 spectrum
1072 742 1283 827 ipsum
1332 762 1654 827 apparere,
1726 743 1832 807 sed
1882 742 2045 808 nihil
2097 740 2218 807 nisi
2265 761 2476 808 vocem
2528 742 2662 807 eius
2712 743 2963 827 percipi

705 851 1015 916 videmus.
1111 849 1246 928 Quo
1279 869 1349 916 ex
1381 850 1553 915 fonte
1589 850 1906 933 Vergilius
1942 849 2056 914 hoc
2086 849 2432 933 apparendi
2481 868 2680 934 genus
2727 869 2960 933 sump-

708 956 878 1038 serit,
948 957 1188 1035 nescio;
1259 957 1655 1040 sequentium
1720 960 2075 1041 temporum
2142 955 2430 1040 exempla
2498 956 2803 1021 nonnulla
2850 957 2962 1021 in-

706 1064 1099 1148 vestigavi¹);
1149 1064 1312 1147 apud
1347 1064 1704 1147 Vergilium
1738 1064 1946 1147 ipsum
2005 1062 2118 1143 (IV
2152 1065 2283 1128 460
2316 1066 2481 1147 sqq.)
2513 1064 2687 1128 locus
2718 1065 2961 1144 exstat,

705 1190 826 1254 quo
875 1171 951 1235 de
999 1170 1264 1255 Sychaei
1313 1170 1518 1236 verbis
1577 1190 1649 1235 ac
1696 1170 1951 1235 vocibus
2024 1170 2309 1254 loquitur
2370 1172 2569 1253 poeta,
2646 1189 2806 1255 quae
2878 1190 2961 1235 ex

707 1277 969 1361 Sychaei
998 1278 1235 1360 templo
1288 1280 1472 1342 noctu
1506 1270 1947 1357 exaudiuntur,
1998 1278 2061 1342 et
2106 1279 2171 1341 in
2208 1277 2403 1342 Fauni
2441 1277 2692 1341 oraculo
2740 1278 2951 1361 patris

601 1467 610 1477 Ι
705 1404 820 1449 vox
891 1385 1021 1449 filio
1071 1384 1293 1449 suadet
1360 1386 1424 1449 et
1471 1383 1851 1448 vaticinatur
1920 1384 2065 1465 (vn
2139 1387 2214 1449 81
2258 1387 2443 1468 sqq.).
2561 1382 2674 1449 Sui
2743 1384 2957 1467 ipsius

705 1490 1075 1556 nominandi
1147 1510 1404 1571 morem,
1475 1510 1663 1574 quem
1735 1491 1798 1554 in
1848 1488 2116 1555 Creusae
2188 1490 2394 1575 specie
2442 1489 2719 1556 vidimus
2782 1491 2957 1574 (ipsa

706 1617 927 1662 nomen
978 1617 1164 1662 suum
1213 1596 1395 1662 affert
1441 1598 1504 1662 in
1554 1617 1611 1660 v.
1661 1599 1785 1662 778
1836 1600 1897 1661 et
1930 1592 2121 1679 784),
2172 1598 2276 1662 hic
2324 1616 2569 1682 quoque
2620 1598 2953 1677 habemuS‚

704 1723 848 1769 nam
896 1706 1211 1788 spectrum
1275 1704 1615 1789 Polydmw
1696 1704 1904 1787 inquit
1959 1726 2065 1790 eqo
2127 1705 2248 1785 (ΙΙΙ
2292 1725 2358 1781 v.
2427 1708 2557 1785 45);
2630 1706 2953 1788 legentem

707 1811 875 1877 enim
924 1811 1252 1876 certiorem
1298 1810 1455 1891 fieri,
1528 1830 1689 1894 quae
1736 1810 1821 1875 sit
1865 1811 2056 1893 larva,
2106 1831 2355 1877 necesse
2402 1815 2516 1893 est,
2590 1812 2741 1895 quia
2786 1830 2944 1877 nus-

704 1939 887 2003 quam
925 1919 1128 1999 antea‚
1178 1918 1356 1983 cuius
1391 1922 1554 1982 esset
1586 1919 1720 1998 vox,
1770 1917 2013 1982 dictum
2046 1920 2160 1982 est.
2228 1919 2412 1983 Hunc
2453 1937 2690 1983 morem
2724 1921 2949 2001 poetae

704 2027 866 2110 epici
915 2028 1079 2091 certe
1127 2046 1196 2091 ex
1245 2026 1506 2108 tragicis
1555 2029 1979 2108 sumpserunt,
2045 2026 2155 2109 qui
2202 2045 2581 2121 personam,⁸
2626 2028 2786 2111 quae
2836 2026 2946 2107 sit,

703 2134 1010 2199 dicentem
1061 2134 1323 2213 faciunt,
1395 2152 1537 2196 cum
1587 2132 1863 2215 primum
1937 2132 2007 2195 in'
2051 2152 2337 2197 scaenam
2402 2133 2630 2216 prodit.
2727 2134 2947 2214 Poeta,

701 2260 846 2306 cum
877 2240 1138 2305 umbrae
1184 2239 1407 2305 faciem
1445 2239 1794 2304 describere
1826 2258 1948 2303 non
1985 2239 2205 2321 possit,
2255 2240 2476 2304 saltem
2516 2242 2681 2304 vocis
2716 2259 2946 2304 sonum

701 2347 996 2430 exprimit
1040 2346 1141 2412 his
1190 2346 1425 2412 verbis:

1281 2503 1296 2519 .
1325 2503 1339 2518 .
1371 2456 1663 2540 ‚qemitus
1709 2442 2122 2517 lacrimabilis
2169 2457 2295 2517 imo

1271 2562 1530 2624 auditur
1574 2561 1829 2625 tumult).

879 2669 1011 2733 Hac
1057 2686 1205 2732 voce
1254 2668 1497 2732 Aeneas
1556 2669 1982 2751 perturbatur,
2055 2668 2218 2751 quod
2293 2670 2427 2751 ipse
2498 2669 2596 2733 his
2653 2668 2944 2734 versibus

701 2773 886 2841 dicitz
2526 2796 2532 2803 ·

923 2880 1086 2944 Tum
1134 2905 1270 2945 vero
1318 2883 1579 2967 ancipiti
1624 2894 1882 2945 mentem
1927 2884 2269 2966 formidine
2305 2902 2555 2965 pressus

912 2990 1182 3074 obstipui
1225 3000 1632 3073 steteruntque
1677 3010 1880 3053 comae
1926 3001 1980 3052 et
2028 3011 2140 3052 vox
2183 2988 2474 3072 faucibus
2521 2988 2730 3054 haesit.

886 3096 1347 3178 Argumentum
1381 3096 1780 3175 narrationiS‚
1832 3115 1954 3179 qua
1991 3096 2283 3178 Polydori
2330 3096 2533 3160 fatum
2567 3096 2938 3181 explicatur,

696 3204 865 3268 idem
942 3204 1058 3284 est,
1130 3202 1294 3286 quod
1367 3200 1697 3285 Euripides
1767 3203 1831 3267 in
1892 3203 2149 3268 Hecuba
2218 3204 2297 3287 (v.
2354 3204 2597 3287 lsqq.)
2666 3203 2940 3268 exhibet.

697 3309 1074 3374 Graecorum
1125 3328 1361 3375 morem
1412 3308 1700 3373 imitatur
1748 3313 1925 3393 poeta
1975 3310 2358 3387 describenS‚
2408 3311 2713 3394 quomodo
2750 3311 2935 3393 Poly-

696 3416 830 3480 dori
883 3415 1169 3481 tumulus
1217 3416 1606 3480 instauretur
1652 3416 1742 3499 (v.
1794 3418 1876 3482 63
1911 3419 2076 3500 sqq.)
2124 3416 2222 3481 his
2271 3418 2586 3483 versibus:

1583 3524 1588 3529 ’
1744 3574 1757 3588 .
1788 3573 1802 3587 .
1832 3534 2031 3588 ‚stant
2074 3524 2369 3588 manibus
2414 3546 2531 3587 ara

1103 3631 1399 3694 caeruleis
1444 3618 1709 3694 maestae
1756 3633 1924 3693 vittis
1970 3641 2229 3715 atraque
2272 3652 2551 3715 cupresso

890 3790 931 3859 ¹)
967 3789 1177 3845 Preller
1233 3790 1443 3858 (Rocm.
1491 3789 1746 3860 Mythol.⁸
1791 3790 1923 3845 1883
1976 3807 2027 3859 p.
2067 3791 2159 3857 88)
2216 3791 2587 3846 narrationem
2643 3791 2823 3859 affert,
2877 3791 2933 3845 in

697 3894 808 3949 qua
843 3895 946 3933 vox
988 3878 1275 3949 quaedam,
1321 3879 1592 3949 quomodo
1630 3880 1849 3947 aegroti
1886 3878 2046 3936 liberi
2082 3880 2265 3934 sanari
2304 3880 2533 3949 possint,
2574 3881 2827 3945 nuntiat;
2866 3881 2933 3935 de

693 3966 856 4022 huius
911 3968 1238 4022 narrationis
1277 3967 1430 4022 fonte
1487 3968 1557 4021 cf.
1620 3968 1930 4023 Jordanum
1968 3967 2108 4023 Krit.
2146 3968 2315 4023 Beitr.
2358 3986 2391 4038 p
2454 3968 2570 4033 107,
2634 3968 2749 4036 185,
2808 3969 2935 4035 358,

691 4054 1116 4122 Hirschfeldum,
1138 4055 1307 4111 Wien.
1333 4056 1489 4111 Stud.
1525 4056 1675 4123 1881,
1703 4056 1834 4122 100;
1873 4057 1927 4111 in
1969 4056 2239 4128 prodigiis
2278 4062 2405 4112 ante
2447 4074 2684 4127 pugnam
2709 4058 2935 4113 Pharsa-

689 4144 822 4199 liam
877 4152 1175 4200 nocturnae
1231 4160 1390 4201 voces
1447 4146 1788 4201 emittuntur
1855 4162 1919 4200 ex
1956 4146 2163 4217 campis
2210 4146 2436 4213 (Lucan.
2475 4145 2579 4201 VII
2640 4146 2781 4213 175),
2838 4163 2936 4201 vox

692 4233 980 4305 quaedam,
1015 4250 1085 4289 ne
1121 4232 1184 4290 C.
1210 4233 1480 4290 Hostilius
1506 4234 1797 4290 Mancinus
1847 4251 2040 4289 navem
2080 4235 2440 4302 conscendam.
2464 4234 2749 4291 dissuadet
2794 4234 2935 4305 (Val.

689 4323 829 4379 Max.
866 4324 894 4375 I
933 4324 982 4389 6,
1021 4323 1095 4391 7),
1131 4323 1317 4379 Aiacis
1353 4340 1454 4378 vox
1491 4340 1554 4379 ex
1604 4324 1817 4379 tumulo
1850 4324 2032 4379 editur
2068 4330 2126 4379 et
2170 4323 2480 4379 deridentes
2518 4329 2769 4395 pastores
2794 4325 2925 4381 Tro-

688 4412 844 4467 ianos
900 4428 1097 4481 magno
1153 4413 1350 4468 timore
1405 4413 1685 4483 perfundit
1742 4412 1907 4477 (Phil.
1950 4412 2170 4468 Her-«ic.
2211 4431 2265 4484 p.
2314 4414 2428 4482 150,
2494 4414 2555 4468 16
2584 4413 2642 4468 ff.
2700 4426 2831 4469 tom.
2866 4414 2924 4466 II

687 4502 771 4557 sd.
811 4500 1122 4570 Teubner.)
