<?xml version="1.0" encoding="UTF-8"?>
<!DOCTYPE html PUBLIC "-//W3C//DTD XHTML 1.0 Transitional//EN"
    "http://www.w3.org/TR/xhtml1/DTD/xhtml1-transitional.dtd">
<html xmlns="http://www.w3.org/1999/xhtml" xml:lang="en" lang="en">
 <head>
  <title>
</title>
<meta http-equiv="Content-Type" content="text/html;charset=utf-8" />
  <meta name='ocr-system' content='tesseract 3.04.00' />
  <meta name='ocr-capabilities' content='ocr_page ocr_carea ocr_par ocr_line ocrx_word'/>
</head>
<body>
  <div class='ocr_page' id='page_1' title='image "./deanimaruminpoe00mendgoog_0109.png"; bbox 0 0 3242 5059; ppageno 0'>
   <div class='ocr_carea' id='block_1_1' title="bbox 1146 346 1782 461">
    <p class='ocr_par' dir='ltr' id='par_1_1' title="bbox 1146 346 1985 461">
     <span class='ocr_line' id='line_1_1' title="bbox 1146 346 1782 461; baseline -0.001 0"><span class='ocrx_word' id='word_1_1' title='bbox 1146 430 1229 443; x_wconf 89' lang='lat'>—</span> <span class='ocrx_word' id='word_1_2' title='bbox 1325 394 1445 461; x_wconf 88' lang='lat'>101</span> <span class='ocrx_word' id='word_1_3' title='bbox 1544 429 1628 443; x_wconf 79' lang='grc'>--</span> <span class='ocrx_word' id='word_1_4' title='bbox 1721 346 1782 431; x_wconf 67' lang='lat'>³-</span> 
     </span>
    </p>
   </div>
   <div class='ocr_carea' id='block_1_2' title="bbox 266 586 2579 3889">
    <p class='ocr_par' dir='ltr' id='par_1_2' title="bbox 268 586 2579 3138">
     <span class='ocr_line' id='line_1_2' title="bbox 276 586 2518 677; baseline -0.002 -22"><span class='ocrx_word' id='word_1_5' title='bbox 276 590 512 656; x_wconf 85' lang='lat' dir='ltr'>timore</span> <span class='ocrx_word' id='word_1_6' title='bbox 560 593 621 656; x_wconf 84' lang='lat' dir='ltr'>et</span> <span class='ocrx_word' id='word_1_7' title='bbox 669 611 897 677; x_wconf 86' lang='lat' dir='ltr'>magno</span> <span class='ocrx_word' id='word_1_8' title='bbox 930 593 1121 656; x_wconf 87' lang='lat' dir='ltr'>animi</span> <span class='ocrx_word' id='word_1_9' title='bbox 1171 592 1346 657; x_wconf 89' lang='lat' dir='ltr'>motu</span> <span class='ocrx_word' id='word_1_10' title='bbox 1396 592 1604 658; x_wconf 84' lang='lat' dir='ltr'>affecti</span> <span class='ocrx_word' id='word_1_11' title='bbox 1639 593 1702 655; x_wconf 79' lang='lat' dir='ltr'>et,</span> <span class='ocrx_word' id='word_1_12' title='bbox 1726 588 1984 656; x_wconf 82' lang='lat' dir='ltr'>solliciti</span> <span class='ocrx_word' id='word_1_13' title='bbox 2018 587 2310 671; x_wconf 79' lang='lat' dir='ltr'>anxiique</span> <span class='ocrx_word' id='word_1_14' title='bbox 2341 586 2518 669; x_wconf 82' lang='lat' dir='ltr'>sunt3</span> 
     </span>
     <span class='ocr_line' id='line_1_3' title="bbox 282 697 2525 781; baseline -0.001 -19"><span class='ocrx_word' id='word_1_15' title='bbox 282 719 448 781; x_wconf 90' lang='lat' dir='ltr'>quae</span> <span class='ocrx_word' id='word_1_16' title='bbox 498 699 632 763; x_wconf 87' lang='lat' dir='ltr'>visa</span> <span class='ocrx_word' id='word_1_17' title='bbox 682 720 800 763; x_wconf 90' lang='lat' dir='ltr'>non</span> <span class='ocrx_word' id='word_1_18' title='bbox 850 720 915 763; x_wconf 89' lang='lat' dir='ltr'>re</span> <span class='ocrx_word' id='word_1_19' title='bbox 964 719 1109 764; x_wconf 89' lang='lat' dir='ltr'>vera</span> <span class='ocrx_word' id='word_1_20' title='bbox 1155 699 1319 765; x_wconf 86' lang='lat' dir='ltr'>facta</span> <span class='ocrx_word' id='word_1_21' title='bbox 1367 703 1535 780; x_wconf 84' lang='lat' dir='ltr'>sunt,</span> <span class='ocrx_word' id='word_1_22' title='bbox 1598 698 1705 763; x_wconf 87' lang='lat' dir='ltr'>sed</span> <span class='ocrx_word' id='word_1_23' title='bbox 1765 697 2113 781; x_wconf 80' lang='lat' dir='ltr'>perturbati</span> <span class='ocrx_word' id='word_1_24' title='bbox 2164 698 2350 780; x_wconf 87' lang='lat' dir='ltr'>atque</span> <span class='ocrx_word' id='word_1_25' title='bbox 2383 714 2525 760; x_wconf 92' lang='lat' dir='ltr'>con-</span> 
     </span>
     <span class='ocr_line' id='line_1_4' title="bbox 280 803 2526 890; baseline -0 -22"><span class='ocrx_word' id='word_1_26' title='bbox 280 806 446 869; x_wconf 87' lang='lat' dir='ltr'>flicti</span> <span class='ocrx_word' id='word_1_27' title='bbox 495 806 779 871; x_wconf 90' lang='lat' dir='ltr'>homines</span> <span class='ocrx_word' id='word_1_28' title='bbox 828 826 900 871; x_wconf 89' lang='lat' dir='ltr'>ea</span> <span class='ocrx_word' id='word_1_29' title='bbox 945 808 1171 871; x_wconf 89' lang='lat' dir='ltr'>animis</span> <span class='ocrx_word' id='word_1_30' title='bbox 1222 807 1587 890; x_wconf 88' lang='lat' dir='ltr'>concipiunt</span> <span class='ocrx_word' id='word_1_31' title='bbox 1634 807 1696 870; x_wconf 83' lang='lat' dir='ltr'>et</span> <span class='ocrx_word' id='word_1_32' title='bbox 1741 804 2016 889; x_wconf 85' lang='lat' dir='ltr'>fingunt,</span> <span class='ocrx_word' id='word_1_33' title='bbox 2063 804 2237 869; x_wconf 88' lang='lat' dir='ltr'>velut-</span> <span class='ocrx_word' id='word_1_34' title='bbox 2283 803 2526 868; x_wconf 90' lang='lat' dir='ltr'>Andro-</span> 
     </span>
     <span class='ocr_line' id='line_1_5' title="bbox 279 911 2524 998; baseline 0 -22"><span class='ocrx_word' id='word_1_35' title='bbox 279 913 531 993; x_wconf 87' lang='lat' dir='ltr'>macha,</span> <span class='ocrx_word' id='word_1_36' title='bbox 580 915 692 979; x_wconf 96' lang='lat' dir='ltr'>ubi</span> <span class='ocrx_word' id='word_1_37' title='bbox 740 914 954 979; x_wconf 85' lang='lat' dir='ltr'>Ulixes</span> <span class='ocrx_word' id='word_1_38' title='bbox 982 915 1423 998; x_wconf 83' lang='lat' dir='ltr'>Astyanactem</span> <span class='ocrx_word' id='word_1_39' title='bbox 1472 915 1535 978; x_wconf 90' lang='lat' dir='ltr'>in</span> <span class='ocrx_word' id='word_1_40' title='bbox 1588 912 1875 977; x_wconf 80' lang='lat' dir='ltr'>Hectoris</span> <span class='ocrx_word' id='word_1_41' title='bbox 1938 913 2183 977; x_wconf 81' lang='lat' dir='ltr'>tumulo</span> <span class='ocrx_word' id='word_1_42' title='bbox 2233 911 2524 977; x_wconf 89' lang='lat' dir='ltr'>abditum</span> 
     </span>
     <span class='ocr_line' id='line_1_6' title="bbox 285 1007 2524 1104; baseline -0 -22"><span class='ocrx_word' id='word_1_43' title='bbox 285 1020 621 1084; x_wconf 88' lang='lat' dir='ltr'>evulsurus</span> <span class='ocrx_word' id='word_1_44' title='bbox 692 1024 805 1101; x_wconf 86' lang='lat' dir='ltr'>est,</span> <span class='ocrx_word' id='word_1_45' title='bbox 879 1041 1122 1087; x_wconf 91' lang='lat' dir='ltr'>summo</span> <span class='ocrx_word' id='word_1_46' title='bbox 1170 1023 1395 1085; x_wconf 88' lang='lat' dir='ltr'>timore</span> <span class='ocrx_word' id='word_1_47' title='bbox 1444 1021 1705 1104; x_wconf 88' lang='lat' dir='ltr'>impleta</span> <span class='ocrx_word' id='word_1_48' title='bbox 1753 1040 1818 1085; x_wconf 92' lang='lat' dir='ltr'>se</span> <span class='ocrx_word' id='word_1_49' title='bbox 1865 1007 2200 1084; x_wconf 75' lang='lat' dir='ltr'>Hectorem</span> <span class='ocrx_word' id='word_1_50' title='bbox 2248 1018 2524 1101; x_wconf 86' lang='lat' dir='ltr'>aspicere</span> 
     </span>
     <span class='ocr_line' id='line_1_7' title="bbox 282 1126 2522 1212; baseline -0.001 -21"><span class='ocrx_word' id='word_1_51' title='bbox 282 1128 469 1209; x_wconf 78' lang='lat' dir='ltr'>putat</span> <span class='ocrx_word' id='word_1_52' title='bbox 518 1126 681 1210; x_wconf 89' lang='lat' dir='ltr'>(Sen.</span> <span class='ocrx_word' id='word_1_53' title='bbox 733 1129 955 1193; x_wconf 88' lang='lat' dir='ltr'>Troad.</span> <span class='ocrx_word' id='word_1_54' title='bbox 1008 1149 1065 1192; x_wconf 80' lang='lat' dir='ltr'>v,</span> <span class='ocrx_word' id='word_1_55' title='bbox 1116 1130 1235 1193; x_wconf 83' lang='lat'>681</span> <span class='ocrx_word' id='word_1_56' title='bbox 1280 1132 1442 1212; x_wconf 89' lang='lat' dir='ltr'><strong>sqq.)</strong></span> <span class='ocrx_word' id='word_1_57' title='bbox 1503 1130 1564 1192; x_wconf 85' lang='lat' dir='ltr'>et</span> <span class='ocrx_word' id='word_1_58' title='bbox 1613 1127 1832 1192; x_wconf 83' lang='lat' dir='ltr'>Medea</span> <span class='ocrx_word' id='word_1_59' title='bbox 1878 1127 2043 1191; x_wconf 89' lang='lat' dir='ltr'>filios</span> <span class='ocrx_word' id='word_1_60' title='bbox 2093 1145 2236 1191; x_wconf 89' lang='lat' dir='ltr'>suos</span> <span class='ocrx_word' id='word_1_61' title='bbox 2287 1126 2522 1190; x_wconf 83' lang='lat' dir='ltr'>macta-</span> 
     </span>
     <span class='ocr_line' id='line_1_8' title="bbox 280 1232 2522 1316; baseline -0 -20"><span class='ocrx_word' id='word_1_62' title='bbox 280 1236 429 1297; x_wconf 89' lang='lat' dir='ltr'>tura</span> <span class='ocrx_word' id='word_1_63' title='bbox 476 1235 688 1299; x_wconf 82' lang='lat' dir='ltr'>fratris</span> <span class='ocrx_word' id='word_1_64' title='bbox 763 1237 1049 1299; x_wconf 89' lang='lat' dir='ltr'>umbram</span> <span class='ocrx_word' id='word_1_65' title='bbox 1100 1236 1535 1299; x_wconf 86' lang='lat' dir='ltr'>advenientem</span> <span class='ocrx_word' id='word_1_66' title='bbox 1593 1235 1766 1299; x_wconf 79' lang='lat' dir='ltr'>videt,</span> <span class='ocrx_word' id='word_1_67' title='bbox 1812 1235 2003 1315; x_wconf 91' lang='lat' dir='ltr'>(Med.</span> <span class='ocrx_word' id='word_1_68' title='bbox 2053 1255 2110 1298; x_wconf 90' lang='lat' dir='ltr'>v.</span> <span class='ocrx_word' id='word_1_69' title='bbox 2162 1232 2288 1299; x_wconf 83' lang='lat'>963</span> <span class='ocrx_word' id='word_1_70' title='bbox 2340 1235 2522 1316; x_wconf 86' lang='lat' dir='ltr'>sqq.);</span> 
     </span>
     <span class='ocr_line' id='line_1_9' title="bbox 281 1339 2521 1425; baseline -0.001 -20"><span class='ocrx_word' id='word_1_71' title='bbox 281 1342 563 1405; x_wconf 89' lang='lat' dir='ltr'>Pediano</span> <span class='ocrx_word' id='word_1_72' title='bbox 611 1343 893 1406; x_wconf 80' lang='lat' dir='ltr'>Poenum</span> <span class='ocrx_word' id='word_1_73' title='bbox 944 1342 1255 1425; x_wconf 88' lang='lat' dir='ltr'>quendam</span> <span class='ocrx_word' id='word_1_74' title='bbox 1290 1341 1476 1408; x_wconf 82' lang='lat' dir='ltr'>Pauli</span> <span class='ocrx_word' id='word_1_75' title='bbox 1526 1342 1726 1424; x_wconf 89' lang='lat' dir='ltr'>spolia</span> <span class='ocrx_word' id='word_1_76' title='bbox 1771 1340 2076 1406; x_wconf 82' lang='lat' dir='ltr'>ferentem</span> <span class='ocrx_word' id='word_1_77' title='bbox 2124 1339 2521 1423; x_wconf 88' lang='lat' dir='ltr'>persequenti</span> 
     </span>
     <span class='ocr_line' id='line_1_10' title="bbox 284 1446 2523 1530; baseline 0 -19"><span class='ocrx_word' id='word_1_78' title='bbox 284 1448 472 1512; x_wconf 87' lang='lat' dir='ltr'>Pauli</span> <span class='ocrx_word' id='word_1_79' title='bbox 523 1450 811 1513; x_wconf 84' lang='lat' dir='ltr'>umbram</span> <span class='ocrx_word' id='word_1_80' title='bbox 859 1454 1004 1513; x_wconf 89' lang='lat' dir='ltr'>ante</span> <span class='ocrx_word' id='word_1_81' title='bbox 1051 1449 1260 1513; x_wconf 88' lang='lat' dir='ltr'>oculos</span> <span class='ocrx_word' id='word_1_82' title='bbox 1310 1453 1473 1515; x_wconf 75' lang='lat' dir='ltr'>stare</span> <span class='ocrx_word' id='word_1_83' title='bbox 1508 1450 1758 1514; x_wconf 88' lang='lat' dir='ltr'>videtur</span> <span class='ocrx_word' id='word_1_84' title='bbox 1805 1446 1942 1526; x_wconf 86' lang='lat' dir='ltr'>(Sil.</span> <span class='ocrx_word' id='word_1_85' title='bbox 1990 1446 2114 1511; x_wconf 91' lang='lat' dir='ltr'>XII</span> <span class='ocrx_word' id='word_1_86' title='bbox 2162 1448 2291 1512; x_wconf 98' lang='grc'>234</span> <span class='ocrx_word' id='word_1_87' title='bbox 2338 1448 2523 1530; x_wconf 86' lang='lat' dir='ltr'>sqq.);</span> 
     </span>
     <span class='ocr_line' id='line_1_11' title="bbox 284 1554 2520 1640; baseline -0.001 -21"><span class='ocrx_word' id='word_1_88' title='bbox 284 1555 519 1619; x_wconf 85' lang='lat' dir='ltr'>Creusa</span> <span class='ocrx_word' id='word_1_89' title='bbox 597 1556 809 1639; x_wconf 87' lang='lat' dir='ltr'>(Verg.</span> <span class='ocrx_word' id='word_1_90' title='bbox 862 1558 1014 1621; x_wconf 88' lang='lat' dir='ltr'>Aen.</span> <span class='ocrx_word' id='word_1_91' title='bbox 1097 1557 1323 1621; x_wconf 82' lang='grc'><strong>11771</strong></span> <span class='ocrx_word' id='word_1_92' title='bbox 1384 1560 1567 1640; x_wconf 86' lang='lat' dir='ltr'>sqq.),</span> <span class='ocrx_word' id='word_1_93' title='bbox 1651 1555 1954 1621; x_wconf 86' lang='lat' dir='ltr'>Anchises</span> <span class='ocrx_word' id='word_1_94' title='bbox 2025 1554 2106 1636; x_wconf 84' lang='lat' dir='ltr'>(V</span> <span class='ocrx_word' id='word_1_95' title='bbox 2154 1555 2274 1619; x_wconf 93' lang='grc'>721</span> <span class='ocrx_word' id='word_1_96' title='bbox 2339 1556 2520 1636; x_wconf 87' lang='lat' dir='ltr'>sqq.),</span> 
     </span>
     <span class='ocr_line' id='line_1_12' title="bbox 278 1655 2521 1747; baseline -0 -22"><span class='ocrx_word' id='word_1_97' title='bbox 278 1655 510 1727; x_wconf 82' lang='lat' dir='ltr'>Hector</span> <span class='ocrx_word' id='word_1_98' title='bbox 580 1663 744 1740; x_wconf 84' lang='lat' dir='ltr'>(Seu.</span> <span class='ocrx_word' id='word_1_99' title='bbox 796 1665 1016 1728; x_wconf 87' lang='lat' dir='ltr'>Troad.</span> <span class='ocrx_word' id='word_1_100' title='bbox 1093 1685 1147 1728; x_wconf 87' lang='lat' dir='ltr'>v.</span> <span class='ocrx_word' id='word_1_101' title='bbox 1198 1664 1327 1729; x_wconf 85' lang='lat'>438</span> <span class='ocrx_word' id='word_1_102' title='bbox 1402 1667 1589 1747; x_wconf 89' lang='lat' dir='ltr'>sqq.),</span> <span class='ocrx_word' id='word_1_103' title='bbox 1664 1663 1932 1728; x_wconf 82' lang='lat' dir='ltr'>Phrixus</span> <span class='ocrx_word' id='word_1_104' title='bbox 1999 1662 2162 1747; x_wconf 93' lang='lat' dir='ltr'>(Val.</span> <span class='ocrx_word' id='word_1_105' title='bbox 2215 1660 2420 1727; x_wconf 82' lang='lat' dir='ltr'>Flacc.</span> <span class='ocrx_word' id='word_1_106' title='bbox 2468 1660 2521 1724; x_wconf 89' lang='lat' dir='ltr'><strong>V</strong></span> 
     </span>
     <span class='ocr_line' id='line_1_13' title="bbox 279 1767 2518 1854; baseline -0 -22"><span class='ocrx_word' id='word_1_107' title='bbox 279 1771 404 1833; x_wconf 88' lang='grc'>231</span> <span class='ocrx_word' id='word_1_108' title='bbox 438 1774 621 1854; x_wconf 80' lang='lat' dir='ltr'>sqq.),</span> <span class='ocrx_word' id='word_1_109' title='bbox 672 1770 1092 1854; x_wconf 83' lang='lat' dir='ltr'>Amphiaraus</span> <span class='ocrx_word' id='word_1_110' title='bbox 1142 1770 1323 1848; x_wconf 77' lang='lat' dir='ltr'>(Stat.</span> <span class='ocrx_word' id='word_1_111' title='bbox 1372 1770 1570 1835; x_wconf 86' lang='lat' dir='ltr'>Theb.</span> <span class='ocrx_word' id='word_1_112' title='bbox 1618 1770 1676 1834; x_wconf 92' lang='lat' dir='ltr'><strong>X</strong></span> <span class='ocrx_word' id='word_1_113' title='bbox 1726 1773 1853 1835; x_wconf 89' lang='grc'>202</span> <span class='ocrx_word' id='word_1_114' title='bbox 1889 1772 2082 1853; x_wconf 85' lang='lat' dir='ltr'>sqq.),</span> <span class='ocrx_word' id='word_1_115' title='bbox 2131 1767 2518 1832; x_wconf 87' lang='lat' dir='ltr'>Theodosius</span> 
     </span>
     <span class='ocr_line' id='line_1_14' title="bbox 278 1876 2579 1971; baseline -0.001 -30"><span class='ocrx_word' id='word_1_116' title='bbox 278 1878 486 1941; x_wconf 87' lang='lat' dir='ltr'>minor</span> <span class='ocrx_word' id='word_1_117' title='bbox 556 1877 807 1962; x_wconf 88' lang='lat' dir='ltr'>(Claud.</span> <span class='ocrx_word' id='word_1_118' title='bbox 894 1879 968 1943; x_wconf 93' lang='lat' dir='ltr'>de</span> <span class='ocrx_word' id='word_1_119' title='bbox 1047 1878 1211 1942; x_wconf 89' lang='lat' dir='ltr'>bello</span> <span class='ocrx_word' id='word_1_120' title='bbox 1290 1878 1457 1943; x_wconf 80' lang='lat' dir='ltr'>Gild.</span> <span class='ocrx_word' id='word_1_121' title='bbox 1528 1879 1659 1942; x_wconf 89' lang='grc'>235</span> <span class='ocrx_word' id='word_1_122' title='bbox 1712 1880 1876 1961; x_wconf 89' lang='lat' dir='ltr'>sqq.)</span> <span class='ocrx_word' id='word_1_123' title='bbox 1962 1876 2028 1940; x_wconf 91' lang='lat' dir='ltr'>in</span> <span class='ocrx_word' id='word_1_124' title='bbox 2122 1876 2522 1958; x_wconf 87' lang='lat' dir='ltr'>conspectum</span> <span class='ocrx_word' id='word_1_125' title='bbox 2573 1963 2579 1971; x_wconf 16' lang='grc' dir='ltr'>ἱ</span> 
     </span>
     <span class='ocr_line' id='line_1_15' title="bbox 280 1981 2518 2070; baseline -0 -24"><span class='ocrx_word' id='word_1_126' title='bbox 280 1985 493 2049; x_wconf 88' lang='lat' dir='ltr'>venire</span> <span class='ocrx_word' id='word_1_127' title='bbox 544 1984 857 2062; x_wconf 83' lang='lat' dir='ltr'>videntur,</span> <span class='ocrx_word' id='word_1_128' title='bbox 928 1989 1002 2048; x_wconf 85' lang='lat' dir='ltr'>ut</span> <span class='ocrx_word' id='word_1_129' title='bbox 1072 1987 1376 2051; x_wconf 82' lang='lat' dir='ltr'>suadeant</span> <span class='ocrx_word' id='word_1_130' title='bbox 1426 1986 1523 2049; x_wconf 85' lang='lat' dir='ltr'>vel</span> <span class='ocrx_word' id='word_1_131' title='bbox 1572 1985 1834 2049; x_wconf 84' lang='lat' dir='ltr'>iubeant</span> <span class='ocrx_word' id='word_1_132' title='bbox 1873 2006 1890 2070; x_wconf 79' lang='lat'><em>3</em></span> <span class='ocrx_word' id='word_1_133' title='bbox 1938 1987 2010 2048; x_wconf 91' lang='lat' dir='ltr'>ut</span> <span class='ocrx_word' id='word_1_134' title='bbox 2043 1982 2354 2065; x_wconf 81' lang='lat' dir='ltr'>aspiciant</span> <span class='ocrx_word' id='word_1_135' title='bbox 2400 1981 2518 2046; x_wconf 90' lang='lat' dir='ltr'>ali-</span> 
     </span>
     <span class='ocr_line' id='line_1_16' title="bbox 278 2088 2518 2175; baseline -0.001 -20"><span class='ocrx_word' id='word_1_136' title='bbox 278 2091 453 2173; x_wconf 86' lang='lat' dir='ltr'>quid,</span> <span class='ocrx_word' id='word_1_137' title='bbox 520 2095 825 2175; x_wconf 81' lang='lat' dir='ltr'>apparent</span> <span class='ocrx_word' id='word_1_138' title='bbox 872 2092 1205 2157; x_wconf 83' lang='lat' dir='ltr'>Sthenelus</span> <span class='ocrx_word' id='word_1_139' title='bbox 1254 2092 1487 2175; x_wconf 93' lang='lat' dir='ltr'>(Apoll.</span> <span class='ocrx_word' id='word_1_140' title='bbox 1540 2091 1738 2157; x_wconf 88' lang='lat' dir='ltr'>Rhod.</span> <span class='ocrx_word' id='word_1_141' title='bbox 1789 2091 1852 2156; x_wconf 89' lang='lat' dir='ltr'>H</span> <span class='ocrx_word' id='word_1_142' title='bbox 1900 2092 2022 2154; x_wconf 86' lang='lat'>911</span> <span class='ocrx_word' id='word_1_143' title='bbox 2077 2108 2215 2173; x_wconf 83' lang='lat' dir='ltr'>sqq.</span> <span class='ocrx_word' id='word_1_144' title='bbox 2264 2108 2330 2135; x_wconf 85' lang='lat'><strong><em>=</em></strong></span> <span class='ocrx_word' id='word_1_145' title='bbox 2378 2088 2518 2153; x_wconf 92' lang='lat' dir='ltr'>Val.</span> 
     </span>
     <span class='ocr_line' id='line_1_17' title="bbox 276 2196 2518 2283; baseline 0 -22"><span class='ocrx_word' id='word_1_146' title='bbox 276 2198 481 2267; x_wconf 86' lang='lat' dir='ltr'>Flacc.</span> <span class='ocrx_word' id='word_1_147' title='bbox 554 2200 609 2262; x_wconf 92' lang='lat' dir='ltr'>V</span> <span class='ocrx_word' id='word_1_148' title='bbox 659 2200 741 2265; x_wconf 88' lang='grc'>82</span> <span class='ocrx_word' id='word_1_149' title='bbox 792 2203 976 2283; x_wconf 83' lang='lat' dir='ltr'>sqq.),</span> <span class='ocrx_word' id='word_1_150' title='bbox 1050 2201 1125 2265; x_wconf 81' lang='lat' dir='ltr'>ab</span> <span class='ocrx_word' id='word_1_151' title='bbox 1198 2200 1430 2283; x_wconf 89' lang='lat' dir='ltr'>Amyco</span> <span class='ocrx_word' id='word_1_152' title='bbox 1509 2198 1715 2263; x_wconf 79' lang='lat' dir='ltr'>necati</span> <span class='ocrx_word' id='word_1_153' title='bbox 1792 2217 2008 2264; x_wconf 88' lang='lat' dir='ltr'>manes</span> <span class='ocrx_word' id='word_1_154' title='bbox 2095 2196 2262 2278; x_wconf 87' lang='lat' dir='ltr'>(Val.</span> <span class='ocrx_word' id='word_1_155' title='bbox 2312 2196 2518 2261; x_wconf 83' lang='lat' dir='ltr'>Flacc.</span> 
     </span>
     <span class='ocr_line' id='line_1_18' title="bbox 275 2303 2515 2391; baseline 0 -24"><span class='ocrx_word' id='word_1_156' title='bbox 275 2304 363 2368; x_wconf 92' lang='lat' dir='ltr'>IV</span> <span class='ocrx_word' id='word_1_157' title='bbox 413 2308 537 2368; x_wconf 86' lang='grc'><strong>257</strong></span> <span class='ocrx_word' id='word_1_158' title='bbox 591 2310 775 2390; x_wconf 85' lang='lat' dir='ltr'>sqq.),</span> <span class='ocrx_word' id='word_1_159' title='bbox 826 2326 1038 2371; x_wconf 90' lang='lat' dir='ltr'>manes</span> <span class='ocrx_word' id='word_1_160' title='bbox 1076 2306 1309 2391; x_wconf 85' lang='lat' dir='ltr'>Ogygii</span> <span class='ocrx_word' id='word_1_161' title='bbox 1356 2305 1540 2387; x_wconf 87' lang='lat' dir='ltr'>(Stat.</span> <span class='ocrx_word' id='word_1_162' title='bbox 1568 2305 1763 2371; x_wconf 91' lang='lat' dir='ltr'>Theb.</span> <span class='ocrx_word' id='word_1_163' title='bbox 1813 2305 1903 2370; x_wconf 85' lang='lat' dir='ltr'>XI</span> <span class='ocrx_word' id='word_1_164' title='bbox 1952 2306 2081 2370; x_wconf 87' lang='grc'><strong>420</strong></span> <span class='ocrx_word' id='word_1_165' title='bbox 2115 2307 2297 2387; x_wconf 90' lang='lat' dir='ltr'>sqq.).</span> <span class='ocrx_word' id='word_1_166' title='bbox 2392 2303 2515 2368; x_wconf 92' lang='lat' dir='ltr'>Va-</span> 
     </span>
     <span class='ocr_line' id='line_1_19' title="bbox 276 2412 2516 2495; baseline 0 -20"><span class='ocrx_word' id='word_1_167' title='bbox 276 2415 497 2495; x_wconf 89' lang='lat' dir='ltr'>gantes</span> <span class='ocrx_word' id='word_1_168' title='bbox 569 2414 797 2495; x_wconf 89' lang='lat' dir='ltr'>larvae,</span> <span class='ocrx_word' id='word_1_169' title='bbox 882 2417 951 2478; x_wconf 86' lang='lat' dir='ltr'>ut</span> <span class='ocrx_word' id='word_1_170' title='bbox 1010 2416 1104 2477; x_wconf 88' lang='lat' dir='ltr'>est</span> <span class='ocrx_word' id='word_1_171' title='bbox 1150 2416 1658 2493; x_wconf 89' lang='lat' dir='ltr'>consentaneum,</span> <span class='ocrx_word' id='word_1_172' title='bbox 1737 2412 2154 2495; x_wconf 82' lang='lat' dir='ltr'>vigilantibus</span> <span class='ocrx_word' id='word_1_173' title='bbox 2195 2413 2516 2495; x_wconf 81' lang='lat' dir='ltr'>apparent,</span> 
     </span>
     <span class='ocr_line' id='line_1_20' title="bbox 274 2518 2520 2605; baseline 0 -24"><span class='ocrx_word' id='word_1_174' title='bbox 274 2519 448 2583; x_wconf 82' lang='lat' dir='ltr'>velut</span> <span class='ocrx_word' id='word_1_175' title='bbox 520 2521 675 2602; x_wconf 84' lang='lat' dir='ltr'>Argi</span> <span class='ocrx_word' id='word_1_176' title='bbox 747 2522 973 2586; x_wconf 89' lang='lat' dir='ltr'>umbra</span> <span class='ocrx_word' id='word_1_177' title='bbox 1048 2521 1362 2605; x_wconf 83' lang='lat' dir='ltr'>(Aeschyl.</span> <span class='ocrx_word' id='word_1_178' title='bbox 1417 2520 1623 2585; x_wconf 90' lang='lat' dir='ltr'>Prom.</span> <span class='ocrx_word' id='word_1_179' title='bbox 1676 2541 1732 2584; x_wconf 79' lang='lat' dir='ltr'>v,</span> <span class='ocrx_word' id='word_1_180' title='bbox 1785 2522 1911 2585; x_wconf 86' lang='grc'>566</span> <span class='ocrx_word' id='word_1_181' title='bbox 1963 2522 2145 2603; x_wconf 91' lang='lat' dir='ltr'>sqq.),</span> <span class='ocrx_word' id='word_1_182' title='bbox 2219 2518 2408 2583; x_wconf 88' lang='lat' dir='ltr'>Marii</span> <span class='ocrx_word' id='word_1_183' title='bbox 2457 2519 2520 2581; x_wconf 76' lang='lat' dir='ltr'>et,</span> 
     </span>
     <span class='ocr_line' id='line_1_21' title="bbox 278 2624 2512 2712; baseline 0.002 -25"><span class='ocrx_word' id='word_1_184' title='bbox 278 2624 492 2690; x_wconf 85' lang='lat' dir='ltr'>Sullae</span> <span class='ocrx_word' id='word_1_185' title='bbox 542 2628 786 2691; x_wconf 89' lang='lat' dir='ltr'>animae</span> <span class='ocrx_word' id='word_1_186' title='bbox 819 2627 1076 2707; x_wconf 90' lang='lat' dir='ltr'>(Lucan.</span> <span class='ocrx_word' id='word_1_187' title='bbox 1127 2629 1156 2691; x_wconf 93' lang='lat' dir='ltr'>I</span> <span class='ocrx_word' id='word_1_188' title='bbox 1206 2630 1334 2693; x_wconf 89' lang='lat'>580</span> <span class='ocrx_word' id='word_1_189' title='bbox 1382 2629 1568 2712; x_wconf 90' lang='lat' dir='ltr'>sqq.),</span> <span class='ocrx_word' id='word_1_190' title='bbox 1621 2629 1873 2711; x_wconf 83' lang='lat' dir='ltr'>patrum</span> <span class='ocrx_word' id='word_1_191' title='bbox 1921 2627 1984 2692; x_wconf 82' lang='lat' dir='ltr'>et</span> <span class='ocrx_word' id='word_1_192' title='bbox 2030 2625 2321 2691; x_wconf 82' lang='lat' dir='ltr'>affinium</span> <span class='ocrx_word' id='word_1_193' title='bbox 2369 2624 2512 2705; x_wconf 89' lang='lat' dir='ltr'>(VII</span> 
     </span>
     <span class='ocr_line' id='line_1_22' title="bbox 278 2732 2518 2818; baseline 0 -23"><span class='ocrx_word' id='word_1_194' title='bbox 278 2734 401 2796; x_wconf 85' lang='lat'>179</span> <span class='ocrx_word' id='word_1_195' title='bbox 454 2736 637 2816; x_wconf 87' lang='lat' dir='ltr'>sqq.),</span> <span class='ocrx_word' id='word_1_196' title='bbox 706 2733 915 2798; x_wconf 89' lang='lat' dir='ltr'>Crassi</span> <span class='ocrx_word' id='word_1_197' title='bbox 986 2736 1209 2799; x_wconf 85' lang='lat' dir='ltr'>umbra</span> <span class='ocrx_word' id='word_1_198' title='bbox 1265 2734 1444 2813; x_wconf 88' lang='lat' dir='ltr'>(VIII</span> <span class='ocrx_word' id='word_1_199' title='bbox 1492 2736 1611 2799; x_wconf 87' lang='lat'>431</span> <span class='ocrx_word' id='word_1_200' title='bbox 1670 2738 1856 2818; x_wconf 88' lang='lat' dir='ltr'>sqq.),</span> <span class='ocrx_word' id='word_1_201' title='bbox 1929 2752 2143 2798; x_wconf 89' lang='lat' dir='ltr'>manes</span> <span class='ocrx_word' id='word_1_202' title='bbox 2200 2734 2263 2796; x_wconf 93' lang='lat' dir='ltr'>in</span> <span class='ocrx_word' id='word_1_203' title='bbox 2314 2732 2518 2796; x_wconf 80' lang='lat' dir='ltr'>terrae</span> 
     </span>
     <span class='ocr_line' id='line_1_23' title="bbox 274 2838 2516 2926; baseline 0 -24"><span class='ocrx_word' id='word_1_204' title='bbox 274 2842 448 2903; x_wconf 82' lang='lat' dir='ltr'>motu</span> <span class='ocrx_word' id='word_1_205' title='bbox 496 2842 899 2905; x_wconf 89' lang='lat' dir='ltr'>ascendentes</span> <span class='ocrx_word' id='word_1_206' title='bbox 950 2842 1069 2917; x_wconf 89' lang='lat' dir='ltr'>(Sil</span> <span class='ocrx_word' id='word_1_207' title='bbox 1116 2843 1169 2904; x_wconf 93' lang='lat' dir='ltr'><strong>V</strong></span> <span class='ocrx_word' id='word_1_208' title='bbox 1204 2845 1329 2905; x_wconf 85' lang='lat'>615</span> <span class='ocrx_word' id='word_1_209' title='bbox 1366 2844 1552 2926; x_wconf 85' lang='lat' dir='ltr'>sqq.),</span> <span class='ocrx_word' id='word_1_210' title='bbox 1607 2843 1780 2905; x_wconf 86' lang='lat' dir='ltr'>Aem.</span> <span class='ocrx_word' id='word_1_211' title='bbox 1819 2841 2005 2906; x_wconf 91' lang='lat' dir='ltr'>Pauli</span> <span class='ocrx_word' id='word_1_212' title='bbox 2060 2839 2199 2921; x_wconf 90' lang='lat' dir='ltr'>(Sil.</span> <span class='ocrx_word' id='word_1_213' title='bbox 2247 2838 2338 2903; x_wconf 93' lang='lat' dir='ltr'>XI</span> <span class='ocrx_word' id='word_1_214' title='bbox 2387 2840 2516 2903; x_wconf 84' lang='lat'>346</span> 
     </span>
     <span class='ocr_line' id='line_1_24' title="bbox 274 2945 2512 3029; baseline 0 -20"><span class='ocrx_word' id='word_1_215' title='bbox 274 2948 335 3009; x_wconf 83' lang='lat' dir='ltr'>et</span> <span class='ocrx_word' id='word_1_216' title='bbox 402 2947 524 3011; x_wconf 93' lang='lat' dir='ltr'>XII</span> <span class='ocrx_word' id='word_1_217' title='bbox 574 2948 749 3027; x_wconf 83' lang='lat'>234),</span> <span class='ocrx_word' id='word_1_218' title='bbox 819 2948 1190 3013; x_wconf 81' lang='lat' dir='ltr'>maritorum</span> <span class='ocrx_word' id='word_1_219' title='bbox 1264 2948 1668 3013; x_wconf 89' lang='lat' dir='ltr'>Lemniorum</span> <span class='ocrx_word' id='word_1_220' title='bbox 1741 2947 1924 3029; x_wconf 81' lang='lat' dir='ltr'>(Stat.</span> <span class='ocrx_word' id='word_1_221' title='bbox 1973 2948 2169 3012; x_wconf 89' lang='lat' dir='ltr'>Theb.</span> <span class='ocrx_word' id='word_1_222' title='bbox 2231 2945 2287 3008; x_wconf 93' lang='lat' dir='ltr'><strong>V</strong></span> <span class='ocrx_word' id='word_1_223' title='bbox 2335 2947 2512 3025; x_wconf 91' lang='grc'><strong>312),</strong></span> 
     </span>
     <span class='ocr_line' id='line_1_25' title="bbox 268 3053 2049 3138; baseline 0.001 -21"><span class='ocrx_word' id='word_1_224' title='bbox 268 3056 687 3136; x_wconf 79' lang='lat' dir='ltr'>pervagantes</span> <span class='ocrx_word' id='word_1_225' title='bbox 736 3074 951 3119; x_wconf 89' lang='lat' dir='ltr'>manes</span> <span class='ocrx_word' id='word_1_226' title='bbox 998 3053 1245 3135; x_wconf 85' lang='lat' dir='ltr'>(Claud.</span> <span class='ocrx_word' id='word_1_227' title='bbox 1296 3056 1361 3119; x_wconf 90' lang='lat' dir='ltr'>in</span> <span class='ocrx_word' id='word_1_228' title='bbox 1412 3055 1638 3119; x_wconf 85' lang='lat' dir='ltr'>Ruf.1</span> <span class='ocrx_word' id='word_1_229' title='bbox 1692 3056 1814 3119; x_wconf 90' lang='grc'>123</span> <span class='ocrx_word' id='word_1_230' title='bbox 1865 3060 2049 3138; x_wconf 89' lang='lat' dir='ltr'>sqq..)</span> 
     </span>
    </p>

    <p class='ocr_par' dir='ltr' id='par_1_3' title="bbox 266 3110 2518 3889">
     <span class='ocr_line' id='line_1_26' title="bbox 449 3110 2511 3246; baseline -0.001 -20"><span class='ocrx_word' id='word_1_231' title='bbox 449 3160 727 3239; x_wconf 85' lang='lat' dir='ltr'>Quorum</span> <span class='ocrx_word' id='word_1_232' title='bbox 801 3164 1080 3227; x_wconf 89' lang='lat' dir='ltr'>omnium</span> <span class='ocrx_word' id='word_1_233' title='bbox 1155 3182 1527 3227; x_wconf 85' lang='lat' dir='ltr'>ascensuum</span> <span class='ocrx_word' id='word_1_234' title='bbox 1601 3162 1801 3228; x_wconf 88' lang='lat' dir='ltr'>multo</span> <span class='ocrx_word' id='word_1_235' title='bbox 1849 3161 2062 3246; x_wconf 88' lang='lat' dir='ltr'>plures</span> <span class='ocrx_word' id='word_1_236' title='bbox 2113 3158 2279 3242; x_wconf 86' lang='lat' dir='ltr'>d1e¹)</span> <span class='ocrx_word' id='word_1_237' title='bbox 2326 3110 2511 3238; x_wconf 51' lang='lat' dir='ltr'>fiunt.</span> 
     </span>
     <span class='ocr_line' id='line_1_27' title="bbox 270 3267 2518 3353; baseline 0.002 -22"><span class='ocrx_word' id='word_1_238' title='bbox 270 3270 566 3350; x_wconf 90' lang='lat' dir='ltr'>perpauci</span> <span class='ocrx_word' id='word_1_239' title='bbox 602 3270 810 3348; x_wconf 85' lang='lat' dir='ltr'>noctu,</span> <span class='ocrx_word' id='word_1_240' title='bbox 860 3288 1014 3352; x_wconf 89' lang='lat' dir='ltr'>quos</span> <span class='ocrx_word' id='word_1_241' title='bbox 1048 3270 1273 3335; x_wconf 86' lang='lat' dir='ltr'>affero·</span> <span class='ocrx_word' id='word_1_242' title='bbox 1326 3268 1593 3334; x_wconf 87' lang='lat' dir='ltr'>Creusae</span> <span class='ocrx_word' id='word_1_243' title='bbox 1630 3271 1841 3353; x_wconf 85' lang='lat' dir='ltr'>(Verg.</span> <span class='ocrx_word' id='word_1_244' title='bbox 1879 3270 2030 3333; x_wconf 90' lang='lat' dir='ltr'>Aen.</span> <span class='ocrx_word' id='word_1_245' title='bbox 2065 3268 2129 3333; x_wconf 93' lang='lat' dir='ltr'>II</span> <span class='ocrx_word' id='word_1_246' title='bbox 2165 3270 2287 3332; x_wconf 84' lang='lat'>771</span> <span class='ocrx_word' id='word_1_247' title='bbox 2321 3286 2455 3351; x_wconf 86' lang='lat' dir='ltr'>sqq.</span> <span class='ocrx_word' id='word_1_248' title='bbox 2460 3267 2518 3350; x_wconf 72' lang='lat'>&gt;9</span> 
     </span>
     <span class='ocr_line' id='line_1_28' title="bbox 266 3373 2513 3461; baseline 0 -23"><span class='ocrx_word' id='word_1_249' title='bbox 266 3373 579 3439; x_wconf 90' lang='lat' dir='ltr'>Anchisae</span> <span class='ocrx_word' id='word_1_250' title='bbox 626 3375 710 3459; x_wconf 93' lang='lat' dir='ltr'>(V</span> <span class='ocrx_word' id='word_1_251' title='bbox 763 3378 876 3438; x_wconf 78' lang='grc'><strong>721</strong></span> <span class='ocrx_word' id='word_1_252' title='bbox 937 3378 1125 3461; x_wconf 85' lang='lat' dir='ltr'>sqq.),</span> <span class='ocrx_word' id='word_1_253' title='bbox 1198 3377 1418 3441; x_wconf 86' lang='lat' dir='ltr'>Phrixi</span> <span class='ocrx_word' id='word_1_254' title='bbox 1504 3377 1669 3460; x_wconf 88' lang='lat' dir='ltr'>(Val.</span> <span class='ocrx_word' id='word_1_255' title='bbox 1745 3377 1947 3441; x_wconf 86' lang='lat' dir='ltr'>Flacc.</span> <span class='ocrx_word' id='word_1_256' title='bbox 2022 3376 2074 3437; x_wconf 94' lang='lat' dir='ltr'><strong>V</strong></span> <span class='ocrx_word' id='word_1_257' title='bbox 2145 3377 2262 3441; x_wconf 90' lang='grc'>231</span> <span class='ocrx_word' id='word_1_258' title='bbox 2322 3374 2513 3458; x_wconf 69' lang='lat' dir='ltr'>sqq.),</span> 
     </span>
     <span class='ocr_line' id='line_1_29' title="bbox 268 3480 2502 3567; baseline 0.001 -22"><span class='ocrx_word' id='word_1_259' title='bbox 268 3481 634 3564; x_wconf 89' lang='lat' dir='ltr'>Amphiarai</span> <span class='ocrx_word' id='word_1_260' title='bbox 683 3480 864 3563; x_wconf 81' lang='lat' dir='ltr'>(Stat.</span> <span class='ocrx_word' id='word_1_261' title='bbox 940 3485 1132 3549; x_wconf 90' lang='lat' dir='ltr'>Theb.</span> <span class='ocrx_word' id='word_1_262' title='bbox 1183 3484 1239 3547; x_wconf 92' lang='lat' dir='ltr'>X</span> <span class='ocrx_word' id='word_1_263' title='bbox 1290 3486 1417 3549; x_wconf 86' lang='grc'>202</span> <span class='ocrx_word' id='word_1_264' title='bbox 1470 3488 1652 3567; x_wconf 91' lang='lat' dir='ltr'>sqq.),</span> <span class='ocrx_word' id='word_1_265' title='bbox 1701 3482 2194 3548; x_wconf 89' lang='lat' dir='ltr'>Theodosiorum</span> <span class='ocrx_word' id='word_1_266' title='bbox 2239 3481 2502 3547; x_wconf 46' lang='lat' dir='ltr'>miuori&#39;s</span> 
     </span>
     <span class='ocr_line' id='line_1_30' title="bbox 266 3588 2499 3675; baseline 0 -23"><span class='ocrx_word' id='word_1_267' title='bbox 266 3590 327 3653; x_wconf 88' lang='lat' dir='ltr'>et</span> <span class='ocrx_word' id='word_1_268' title='bbox 402 3588 656 3653; x_wconf 88' lang='lat' dir='ltr'>maioris</span> <span class='ocrx_word' id='word_1_269' title='bbox 728 3588 982 3673; x_wconf 86' lang='lat' dir='ltr'>(Claud.</span> <span class='ocrx_word' id='word_1_270' title='bbox 1066 3592 1141 3655; x_wconf 91' lang='lat' dir='ltr'>de</span> <span class='ocrx_word' id='word_1_271' title='bbox 1211 3590 1376 3655; x_wconf 89' lang='lat' dir='ltr'>bello</span> <span class='ocrx_word' id='word_1_272' title='bbox 1456 3590 1629 3657; x_wconf 87' lang='lat' dir='ltr'>Gild.</span> <span class='ocrx_word' id='word_1_273' title='bbox 1698 3593 1822 3656; x_wconf 88' lang='grc'>225</span> <span class='ocrx_word' id='word_1_274' title='bbox 1859 3609 1991 3675; x_wconf 89' lang='lat' dir='ltr'>sqq.</span> <span class='ocrx_word' id='word_1_275' title='bbox 2043 3592 2106 3654; x_wconf 84' lang='lat' dir='ltr'>et</span> <span class='ocrx_word' id='word_1_276' title='bbox 2152 3590 2280 3655; x_wconf 91' lang='grc'>325</span> <span class='ocrx_word' id='word_1_277' title='bbox 2315 3595 2499 3673; x_wconf 89' lang='lat' dir='ltr'>sqq.).</span> 
     </span>
     <span class='ocr_line' id='line_1_31' title="bbox 268 3695 2502 3783; baseline 0 -23"><span class='ocrx_word' id='word_1_278' title='bbox 268 3695 392 3760; x_wconf 88' lang='lat' dir='ltr'>Sub</span> <span class='ocrx_word' id='word_1_279' title='bbox 474 3695 624 3761; x_wconf 89' lang='lat' dir='ltr'>solis</span> <span class='ocrx_word' id='word_1_280' title='bbox 704 3698 844 3761; x_wconf 87' lang='lat' dir='ltr'>ortu</span> <span class='ocrx_word' id='word_1_281' title='bbox 920 3716 1134 3761; x_wconf 90' lang='lat' dir='ltr'>manes</span> <span class='ocrx_word' id='word_1_282' title='bbox 1213 3699 1516 3781; x_wconf 81' lang='lat' dir='ltr'>apparent</span> <span class='ocrx_word' id='word_1_283' title='bbox 1597 3699 1810 3783; x_wconf 85' lang='lat' dir='ltr'>(Verg.</span> <span class='ocrx_word' id='word_1_284' title='bbox 1849 3698 2004 3762; x_wconf 86' lang='lat' dir='ltr'>Aen.</span> <span class='ocrx_word' id='word_1_285' title='bbox 2055 3696 2142 3761; x_wconf 95' lang='lat' dir='ltr'>VI</span> <span class='ocrx_word' id='word_1_286' title='bbox 2190 3696 2363 3776; x_wconf 82' lang='grc'><strong>255),</strong></span> <span class='ocrx_word' id='word_1_287' title='bbox 2428 3697 2502 3760; x_wconf 83' lang='lat' dir='ltr'>ut</span> 
     </span>
     <span class='ocr_line' id='line_1_32' title="bbox 270 3802 2286 3889; baseline 0.001 -23"><span class='ocrx_word' id='word_1_288' title='bbox 270 3804 431 3885; x_wconf 89' lang='lat' dir='ltr'>apud</span> <span class='ocrx_word' id='word_1_289' title='bbox 484 3802 713 3869; x_wconf 89' lang='lat' dir='ltr'>Silium</span> <span class='ocrx_word' id='word_1_290' title='bbox 760 3804 1137 3887; x_wconf 80' lang='lat' dir='ltr'>intempesta</span> <span class='ocrx_word' id='word_1_291' title='bbox 1184 3808 1361 3870; x_wconf 91' lang='lat' dir='ltr'>nocte</span> <span class='ocrx_word' id='word_1_292' title='bbox 1409 3804 1589 3887; x_wconf 89' lang='lat' dir='ltr'>(XIII</span> <span class='ocrx_word' id='word_1_293' title='bbox 1640 3807 1768 3871; x_wconf 82' lang='lat'>406</span> <span class='ocrx_word' id='word_1_294' title='bbox 1817 3806 1880 3871; x_wconf 83' lang='lat' dir='ltr'>et</span> <span class='ocrx_word' id='word_1_295' title='bbox 1928 3804 2055 3869; x_wconf 84' lang='lat'>413</span> <span class='ocrx_word' id='word_1_296' title='bbox 2104 3806 2286 3889; x_wconf 71' lang='lat' dir='ltr'>sqq).</span> 
     </span>
    </p>
   </div>
   <div class='ocr_carea' id='block_1_3' title="bbox 264 3928 576 3939">
    <p class='ocr_par' dir='ltr' id='par_1_4' title="bbox 264 3928 576 3939">
     <span class='ocr_line' id='line_1_33' title="bbox 264 3928 576 3939; baseline 0 1120"><span class='ocrx_word' id='word_1_297' title='bbox 264 3928 576 3939; x_wconf 95' lang='lat' dir='ltr'> </span> 
     </span>
    </p>
   </div>
   <div class='ocr_carea' id='block_1_4' title="bbox 452 3976 1554 4052">
    <p class='ocr_par' dir='ltr' id='par_1_5' title="bbox 452 3976 1554 4052">
     <span class='ocr_line' id='line_1_34' title="bbox 452 3976 1554 4052; baseline 0.003 -17"><span class='ocrx_word' id='word_1_298' title='bbox 452 3976 493 4048; x_wconf 80' lang='grc' dir='ltr'>ι)</span> <span class='ocrx_word' id='word_1_299' title='bbox 532 3978 614 4035; x_wconf 78' lang='lat' dir='ltr'>Cf.</span> <span class='ocrx_word' id='word_1_300' title='bbox 652 3978 924 4051; x_wconf 73' lang='lat' dir='ltr'>Ettigium</span> <span class='ocrx_word' id='word_1_301' title='bbox 959 3980 998 4035; x_wconf 88' lang='lat'>1.</span> <span class='ocrx_word' id='word_1_302' title='bbox 1034 3980 1072 4035; x_wconf 90' lang='lat'>1.</span> <span class='ocrx_word' id='word_1_303' title='bbox 1112 3998 1170 4052; x_wconf 88' lang='lat' dir='ltr'>p.</span> <span class='ocrx_word' id='word_1_304' title='bbox 1206 3980 1311 4036; x_wconf 80' lang='lat'>883</span> <span class='ocrx_word' id='word_1_305' title='bbox 1349 3987 1465 4038; x_wconf 81' lang='lat' dir='ltr'>not.</span> <span class='ocrx_word' id='word_1_306' title='bbox 1504 3982 1554 4037; x_wconf 83' lang='lat'>3.</span> 
     </span>
    </p>
   </div>
  </div>
 </body>
</html>
