3242 5059
1280 412 1722 478 -29-

374 602 568 670 Ennii
616 606 929 671 somnium
966 597 1211 672 narrat.
1305 607 1439 673 Hoc
1486 610 1621 673 loco
1667 607 1972 691 prooemii
2004 626 2192 673 causa
2216 610 2399 693 poeta
2444 608 2617 674 larva

374 731 526 777 usus
573 720 686 779 est.
852 693 860 701 ⁸

553 819 694 885 Alio
743 821 874 886 loco
925 822 998 902 (I,
1049 821 1239 905 frgm.
1287 822 1586 903 XXVIII)
1636 823 1759 888 Ilia
1790 823 1946 889 anui
1993 822 2247 889 cuidam
2294 825 2508 889 narrat
2554 842 2620 888 se

353 921 438 993 'in
489 928 729 994 somnio
802 949 914 1011 per
981 929 1149 1012 ripas
1221 932 1284 995 et
1329 921 1596 996 amoena'
1638 931 1861 996 salicta
1922 932 1999 995 ab
2048 930 2303 997 homine
2350 928 2614 1014 pulchro

371 1037 682 1118 raptatam
735 1035 859 1100 sibi
910 1036 1109 1102 visam
1157 1056 1290 1102 esse
1337 1037 1581 1102 Aeneae
1640 1037 2048 1103 simulacrum
2097 1038 2392 1121 aspicere,
2452 1036 2618 1120 quod

372 1142 497 1206 sibi
545 1161 806 1226 magnas
853 1162 1184 1208 aerumnas
1230 1144 1663 1227 praedixisset.
1746 1145 1922 1225 Quod
1973 1145 2093 1210 Ilia
2140 1146 2405 1211 ancillae
2453 1164 2617 1219 som-

375 1250 554 1315 nium
605 1251 925 1333 describit,
973 1252 1048 1315 ad
1101 1252 1667 1317 Alexandrinorum
1736 1253 2089 1336 exemplum
2160 1254 2381 1319 fictum
2435 1254 2531 1317 est
2547 1253 2615 1334 ¹),

371 1376 665 1422 ascensus
736 1358 941 1440 ipsius
1013 1358 1351 1441 descriptio
1421 1360 1663 1441 aliquot
1755 1362 1964 1442 partes
2012 1361 2284 1443 exhibet,
2342 1379 2497 1444 quas
2546 1380 2618 1424 ex

371 1465 642 1530 Homero
690 1466 974 1549 cognitas
1020 1466 1344 1533 habemus,
1441 1464 1685 1531 Aeneas
1734 1468 2016 1551 apparet,
2075 1468 2148 1531 ut
2216 1467 2614 1549 vaticinetur,

375 1592 567 1657 quam
615 1573 993 1637 ascendendi
1025 1591 1278 1638 causam
1313 1573 1440 1638 iam
1475 1573 1642 1658 apud
1678 1573 2043 1656 Homerum,
2094 1574 2203 1658 qui
2250 1575 2613 1640 Patroclum

372 1679 646 1744 Achillis
717 1680 917 1745 fatum
986 1680 1536 1763 praenuntiantem
1592 1680 1765 1762 facit,
1837 1680 2233 1758 invenimus;
2281 1682 2617 1765 postquam

371 1790 688 1871 spectrum
723 1785 998 1869 evanuit,
1049 1786 1236 1852 Iliam
1270 1787 1510 1853 somnio
1545 1788 1905 1852 exterritam
1938 1787 2365 1853 lacrimavisse
2403 1790 2616 1853 narrat

368 1896 551 1978 poeta
597 1897 679 1975 (v.
732 1895 846 1974 38)
924 1912 1046 1957 non
1125 1892 1308 1959 aliter
1378 1895 1566 1977 atque
1640 1893 1919 1959 Achilles
1979 1896 2181 1980 ταφὼν
2228 1895 2614 1960 lamentatur

371 2001 480 2082 (Ψ,
530 2021 584 2065 v.
641 2002 797 2084 101)
844 2002 908 2065 et
952 2001 1269 2066 sententia
1315 2018 1612 2065 versuum
1661 2002 1744 2063 47
1794 2019 1975 2085 sqq.:

584 2108 756 2173 Haec
801 2106 1024 2189 effatus
1063 2118 1242 2188 pater
1284 2128 1584 2193 yer‘mana
1630 2119 1871 2191 repente
1914 2110 2159 2172 recessit

579 2238 687 2279 nee
730 2237 853 2278 sese
899 2216 1071 2279 dedit
1117 2218 1189 2278 in
1234 2198 1615 2295 compedum
1660 2215 1837 2279 corde
1882 2217 2128 2299 cupitus

580 2344 964 2407 quamquam
1008 2321 1209 2387 multa
1253 2342 1480 2385 manus
1526 2321 1613 2383 ad
1656 2321 1814 2385 caeli
1856 2322 2107 2387 caerula
2151 2322 2379 2405 templa

461 2428 550 2492 50
593 2428 910 2493 tendebam
955 2429 1310 2491 lacmmam
1357 2438 1412 2490 et
1455 2427 1691 2492 ‘blanda
1736 2448 1872 2493 voce
1912 2429 2203 2494 vocabam
2506 2500 2511 2513 Ι

374 2538 664 2621 congruit
733 2555 876 2601 cum
947 2534 1220 2603 Achillis
1289 2533 1591 2618 loquendi
1666 2535 2209 2619 amplectendique
2265 2536 2615 2618 cupiditate

367 2644 452 2724 (Ψ
522 2662 619 2709 vv.
671 2645 982 2723 94—98),
1098 2642 1247 2726 quin
1344 2642 1536 2709 etiam
1644 2642 1985 2707 locutiones
2090 2642 2334 2725 aliquot
2432 2662 2611 2726 pares

369 2754 537 2833 sunt,
629 2752 702 2814 nt
791 2750 938 2813 haee
1011 2748 1249 2832 effatus
1326 2748 1492 2813 idem
1585 2750 1699 2831 est,
1794 2749 1961 2832 quod
2030 2748 2199 2832 apud
2270 2750 2612 2815 Homerum

367 2859 448 2926 ὥς
522 2857 638 2942 ἄρα
711 2856 984 2942 φωνήσας
1059 2859 1123 2921 et
1181 2874 1395 2921 versus
1466 2858 1550 2921 40
1609 2859 1673 2921 et
1720 2857 1805 2921 50
1876 2857 2253 2941 respondent
2328 2857 2611 2923 versibus

367 2965 426 3028 Ψ
473 2967 555 3031 99
605 2986 728 3049 sq.:

1013 3123 1026 3136 .
1079 3120 1094 3137 .
1147 3122 1160 3135 .
1211 3070 1466 3155 ὠρέξατο
1514 3071 1684 3155 χερσὶ
1730 3070 1957 3157 φίλῃσιν

1009 3178 1130 3243 οὐδ’
1180 3175 1369 3262 ἔλαβε.

543 3288 820 3372 Utroque
867 3285 1000 3351 loco
1035 3286 1275 3351 Ennius
1308 3288 1588 3350 narratos
1624 3285 1977 3350 animarum
2004 3304 2295 3351 ascensus
2328 3285 2607 3351 adhibet.

541 3393 615 3458 In
702 3395 1028 3478 'poetarum
1107 3392 1502 3476 sequentium
1581 3392 1971 3457 carminibus
2054 3392 2247 3476 epicis
2324 3393 2609 3458 manium

242 3536 251 3545 ·
362 3520 654 3567 ascensus
686 3500 868 3565 nobis
915 3519 1039 3564 non
1088 3502 1440 3565 occurrunt.

540 3609 638 3672 Ad
687 3608 875 3672 illum
922 3609 1166 3690 poetam
1217 3625 1386 3671 nunc
1433 3605 1863 3690 pervenimuS,
1912 3606 2021 3688 qui
2068 3606 2140 3670 ut
2185 3605 2607 3670 Homerusiin

362 3716 640 3799 posteros
706 3715 795 3779 ita
864 3714 927 3777 in
982 3714 1400 3779 Romanorum
1469 3712 1682 3795 poetas
1755 3712 2092 3777 maximam
2164 3712 2292 3776 vim
2362 3711 2603 3792 habuit,

360 3826 428 3890 Ρ.
478 3822 891 3905 Vergilium.
1006 3819 1131 3899 Qui
1203 3820 1436 3884 multos
1509 3838 1805 3884 ascensus
1883 3818 2149 3883 carmini
2225 3838 2356 3900 suo,
2438 3819 2606 3902 quod

367 3929 592 3995 Aeneis
669 3927 1057 4008 inscribitur,
1137 3927 1405 3991 inseruit
1472 3926 1788 4009 variisque
1854 3925 2060 3990 modis
2126 3925 2437 3989 adhibuit.
2530 3926 2605 3989 In

363 4036 479 4101 hac
526 4034 887 4116 quaestione
920 4033 998 4097 ad
1031 4033 1366 4097 Heinzium
1383 4032 1431 4114 ²)
1477 4030 1878 4116 potissimum
1912 4030 2152 4115 delego,
2200 4033 2310 4115 qui
2357 4032 2606 4113 saepius

361 4143 473 4206 hos
521 4159 814 4206 ascensus
847 4139 1080 4222 tetigit.
1155 4136 1327 4216 Quae
1374 4139 1440 4203 in
1476 4137 1737 4202 somniis
1770 4138 1933 4202 fiunt
1966 4138 2203 4219 species
2236 4139 2312 4203 ad
2348 4136 2605 4201 Homeri

491 4402 495 4409 -
545 4368 584 4439 ι)
623 4370 707 4425 cf.
747 4369 1115 4437 Skutschium,
1150 4368 1186 4422 l.
1226 4367 1261 4422 l.
1300 4384 1354 4437 p.
1393 4368 1548 4423 2605.

536 4458 580 4525 ¹)
617 4456 832 4526 Vergils
873 4456 1094 4527 epische
1130 4455 1400 4513 Technik¹
1441 4457 1592 4512 1908.
