3242 5059
1534 442 1616 455 .-
1710 402 1971 473 30.-.

636 603 1019 687 exemplar-¹)
1083 604 1272 668 fictae
1343 606 1491 668 sunt
1560 622 1597 669 a
1665 606 1865 686 poeta,
1944 604 2123 668 cuius
2204 604 2447 669 somnia
2524 607 2895 689 exspectata¹

636 714 972 797 optataque
1021 712 1272 775 oracula
1328 710 1560 793 sunt²);
1631 710 1925 796 plurimis
1999 712 2153 776 locis
2224 713 2509 777 manium
2579 732 2875 779 ascensus

636 821 990 901 narrantur,
1068 818 1286 902 paucis
1364 819 1623 902 agentes
1702 818 2107 881 inducuntur.
2236 819 2557 903 Vergilius
2631 824 2875 904 praeter

637 929 979 992 Homerum
1027 924 1342 1009 imprimis
1391 925 1666 989 Ennium
1716 926 1778 989 et
1824 924 2188 989 Lucretium
2237 927 2541 1009 sequitur.
2626 928 2745 993 Sed
2797 914 2913 994 ad'

637 1033 894 1118 singula
939 1032 1374 1097 adumbranda
1420 1032 1887 1116 aggrediamur.

816 1142 904 1205 Ea
949 1141 1148 1220 nocte,
1199 1159 1324 1223 qua
1371 1138 1593 1204 Graeci
1642 1158 1713 1203 ex
1759 1138 1905 1223 equi
1953 1141 2129 1204 utero
2183 1141 2423 1223 egressi
2470 1142 2723 1208 Troiam
2772 1144 2871 1209 in-

639 1248 897 1330 vadunt,
972 1249 1214 1312 Aeneae
1262 1247 1548 1313 Hectoris
1595 1246 1821 1311 umbra
1867 1249 2127 1330 apparet
2175 1248 2267 1331 (11
2326 1250 2451 1313 268
2486 1250 2655 1333 sqq.)
2702 1252 2871 1330 talis,

639 1357 846 1440 qualis
891 1358 1027 1420 erat
1072 1354 1144 1417 inv
1187 1356 1417 1418 morte:

894 1474 1181 1546 raptatus
1228 1462 1406 1545 biqie,
1455 1472 1524 1523 ut
1570 1462 1901 1545 quondam,
1952 1472 2199 1545 aterque
2243 1475 2489 1529 omento

887 1568 1161 1654 pulvere,
1199 1589 1435 1652 perque
1469 1568 1659 1652 pedes
1704 1558 1996 1631 traiectu-s·
2041 1570 2174 1633 lom
2221 1573 2528 1652 tumentis,

641 1694 829 1762 quam
864 1680 1104 1741 Aeneas
1139 1677 1291 1740 flens
1326 1675 1695 1757 alloquitur,
1744 1694 1867 1758 qua
1916 1676 1992 1739 de
2025 1694 2211 1740 causa
2246 1678 2502 1756 venerit,
2555 1698 2879 1761 quaerens,

637 1784 780 1863 Ille,
847 1786 924 1849 ut
969 1784 1179 1867 fugiat-
1245 1785 1309 1847 et
1358 1787 1612 1867 penates
1688 1802 1899 1847 secum
1958 1784 2183 1865 portet,
2256 1784 2497 1850 suadet.
2618 1786 2779 1869 Apte
2848 1808 2887 1851 a

640 1892 820 1975 poeta
867 1891 1154 1964 Hectoris
1203 1892 1520 1973 spectrum
1571 1890 1931 1970 adhibetur,
2006 1908 2155 1954 nam
2202 1892 2255 1954 is
2306 1892 2571 1955 maxime
2620 1892 2895 1959 idoneus·

641 2001 756 2080 est,
805 1999 915 2081 qui
949 1985 1224 2061 Aeneam
1273 1998 1350 2060 ad
1397 1996 1615 2079 fugam
1664 1996 1937 2061 incitans
1986 1996 2204 2080 fugam
2254 1999 2390 2062 eius
2440 2002 2723 2078 excuset3
2773 2020 2883 2065 ne-

643 2125 762 2189 que
810 2104 980 2169 enim
1006 2104 1339 2187 quisquam
1371 2103 1667 2184 Aeneam,
1717 2104 1825 2184 qui
1860 2102 2037 2167 illius
2063 2103 2401 2167 fortissimi
2435 2107 2497 2168 et
2546 2106 2886 2171 clarissimi

643 2212 761 2276 viri
813 2211 988 2275 iussu
1041 2210 1243 2293 fugiat
1299 2230 1504 2292 neque
1549 2209 1823 2291 resistat,
1896 2210 2187 2291 ignaviae
2259 2230 2522 2295 arguere
2593 2212 2883 2295 potest3).

645 2320 958 2384 Ascensus
1004 2336 1194 2381 causa
1267 2316 1496 2380 similis
1546 2313 1807 2400 Sychaei
1858 2318 1971 2392 est,
2044 2336 2191 2381 nam
2261 2319 2533 2401 utroque
2603 2320 2738 2383 loeo
2808 2321 2886 2384 ad

644 2424 1022 2508 fugiendum
1073 2422 1489 2487 adhortantur
1535 2422 1835 2504 manes4).
1933 2424 2208 2488 Patrocli
2246 2426 2473 2489 somnii
2515 2426 2787 2509 speciem
2821 2426 2886 2490 in

643 2533 813 2597 hunc
859 2549 1186 2597 ascensum
1237 2531 1735 2612 componendum
1794 2532 2135 2596 maximam
2184 2531 2313 2595 vim
2364 2532 2659 2597 habuisse
2706 2554 2885 2618 aper-

646 2642 782 2705 tum
833 2642 945 2719 est,
1009 2638 1159 2702 licet
1223 2637 1566 2715 nonnullae
1638 2637 1983 2702 locutiones
2034 2658 2101 2702 ex
2151 2639 2353 2702 Ennio
2402 2642 2689 2722 sumptae
2738 2640 2887 2722 sint,

648 2746 812 2831 quod
841 2745 1124 2809 consulto
1159 2745 1309 2807 fecit
1358 2746 1556 2826 poeta,
1606 2744 1680 2807 ut
1711 2744 2009 2808 Heinzius
2028 2742 2079 2825 ⁵)
2113 2746 2341 2822 censet.
2409 2746 2567 2810 Nam
2613 2747 2889 2828 primum

647 2853 935 2918 videmus
1008 2850 1208 2915 noctis
1281 2850 1765 2933 descriptionem
1837 2851 1935 2915 his
2010 2853 2291 2916 versibus
2362 2872 2740 2935 expressam:
2804 2857 2889 2935 (v,

647 2963 774 3027 268
813 2959 976 3044 sqq.)

743 3066 1014 3151 Tempus
1060 3078 1188 3129 erat
1234 3086 1352 3151 quo
1387 3068 1606 3149 prima
1654 3067 1900 3149 Quies
1942 3065 2471 3130 ‘mortalibus
2517 3070 2817 3153 aeyris

735 3176 960 3258 incipit
1005 3185 1060 3237 et
1106 3174 1261 3237 dono
1310 3174 1524 3235 divum
1568 3174 1933 3258 qratissima
1978 3174 2185 3255 serpit,
2338 3179 2345 3187 ’

650 3301 840 3366 quam
889 3282 1262 3345 sententiam
1313 3280 1478 3362 apud
1528 3279 1874 3343 Homerum
1946 3278 2032 3358 (Ψ
2080 3299 2134 3342 v.
2188 3282 2269 3343 62
2299 3284 2457 3362 sqq.)
2508 3272 2889 3363 reperimus:

657 3432 660 3437 -
738 3386 866 3451 εὖτε
887 3388 982 3451 τὸν
1011 3384 1374 3473 [Achillem]
1405 3386 1615 3453 ὕπνος
1641 3383 1895 3469 ἔμαρπτε
1942 3384 2093 3448 λύων
2118 3387 2381 3471 μελεδή
2435 3411 2614 3469 ματα
2642 3388 2891 3470 θυμοῦ,

737 3496 988 3581 νήδυμος
1034 3494 1401 3580 ἀμφιχυθείς·

835 3744 877 3812 ¹)
917 3744 1073 3810 Quod
1111 3744 1377 3799 Heinzius
1415 3750 1577 3814 putat
1614 3745 1649 3798 l.
1688 3743 1725 3797 1.
1763 3761 1815 3813 p.
1856 3742 1978 3800 397.

834 3833 878 3901 ¹)
919 3833 999 3888 Gf.
1042 3834 1328 3888 Heinzium
1365 3833 1402 3887 l.
1442 3833 1478 3887 l.
1515 3850 1570 3902 p.
1610 3834 1733 3886 467.

829 3921 874 3991 ⁸)
915 3920 998 3976 Cf.
1035 3922 1326 3977 Heinzium
1364 3922 1398 3975 l.
1440 3922 1475 3975 l.
1514 3939 1568 3991 p.
1609 3922 1697 3975 26.

830 4010 876 4077 ⁴)
916 4009 1181 4065 Similiter
1215 4009 1416 4079 hospes
1454 4026 1488 4062 a
1525 4007 1797 4063 Tranione
1832 4026 1990 4064 servo
2027 4011 2191 4065 fictus
2251 4010 2455 4077 (Plaut.
2494 4010 2654 4065 Most..
2698 4022 2745 4066 τ’.
2785 4012 2890 4065 497

652 4100 797 4171 sqq.)
857 4096 1314 4164 Philolachetem,
1368 4103 1430 4154 ut
1486 4098 1647 4153 domo
1703 4097 1897 4154 relicta
1954 4102 2202 4168 emigret,
2262 4099 2604 4161 adhortatur,
2655 4106 2713 4153 et
2750 4100 2892 4156 Dido

653 4188 843 4243 Annae
883 4185 1044 4256 (Ovid
1080 4186 1229 4241 Fast.
1268 4186 1354 4239 111
1376 4186 1478 4241 639
1505 4185 1664 4257 sqq.),
1705 4204 1846 4257 quae
1883 4188 1940 4242 in
1968 4188 2239 4242 erroribus
2279 4186 2349 4242 ad
2371 4188 2606 4241 Aeneam
2632 4190 2897 4258 pervenit,

655 4282 717 4331 ut
753 4276 950 4345 fugiat,
988 4275 1202 4343 suadet,
1241 4276 1387 4345 quod
1425 4276 1476 4330 ei
1514 4276 1740 4330 Lavinia
1778 4276 2005 4330 insidias
2044 4284 2216 4346 paret.

832 4364 878 4431 ⁶)
915 4364 975 4417 L.
1013 4364 1052 4418 1.
1091 4381 1146 4433 p.
1187 4364 1272 4430 26,
1330 4364 1424 4435 qui
1462 4363 1732 4419 Achillem
1788 4364 1847 4419 in
1895 4364 2084 4418 Nostis
2139 4370 2468 4431 monentem,
2526 4381 2593 4419 ne
2654 4366 2895 4434 proficis-

657 4457 852 4507 cantur
891 4451 1103 4521 Graeci,
1141 4452 1244 4507 hoc
1281 4451 1399 4507 loco
1438 4453 1543 4506 vim
1584 4453 1859 4523 quandam
1895 4452 2154 4507 habuisse
2179 4456 2357 4522 putat.
