3242 5059
718 656 831 681 ‚,.„
885 600 1254 687 Denique.¹).
1284 603 1367 671 ad
1414 622 1558 672 enm
1608 622 1935 668 ascensum
1984 602 2406 685 pervenimus,
2453 602 2520 666 in
2555 622 2698 687 quo,
2747 620 2950 687 quan-

708 710 846 775 tum
896 708 1092 777 Silius
1164 711 1241 775 ab
1290 710 1808 776 antecedentibus
1877 707 2079 795 poetis
2139 709 2427 794 pendeat,
2499 709 2774 777 dilucide
2843 711 2953 776 de·

706 818 1434 905 monstrarepossumus
1482 818 1621 897 (XV
1677 819 1800 882 180
1835 817 2022 901 sqq).
2119 816 2284 882 Ante
2312 814 2714 903 Carthaginis
2740 817 2953 882 Novae

708 926 1233 1009 expugnationem
1312 925 1589 1010 Scipioni
1684 944 1795 1008 per
1887 924 2202 989 somnium
2295 924 2495 1009 patris
2583 923 2952 990 mostellum

707 1006 988 1123 apparetf,
1052 1034 1220 1116 quod
1267 1052 1410 1101 eum
1459 1032 1535 1097 ad
1586 1033 2082 1117 oppugnandum
2132 1031 2403 1096 incitans
2450 1031 2765 1097 victurum
2811 1050 2949 1097 esse

708 1126 1016 1225 praedicit
1062 1141 1143 1222 et,
1195 1140 1503 1225 quomodo
1553 1138 1868 1223 Carthago
1900 1139 2076 1203 Nova
2122 1138 2430 1223 oppidum
2478 1138 2802 1205 conditum
2849 1140 2948 1203 at-

705 1267 825 1331 que
870 1248 1075 1313 ortum
1127 1247 1434 1333 qualeque
1483 1247 1586 1328 sit,
1638 1245 1925 1330 explicat.
1995 1246 2145 1311 Post
2177 1245 2310 1311 eius
2345 1247 2710 1311 abscessum
2737 1245 2949 1328 Scipio

704 1355 783 1431 ad
832 1342 1212 1439 predaudum
1264 1375 1327 1419 se
1378 1356 1701 1420 convertit.
1796 1354 1930 1419 Hoc
1988 1354 2122 1418 loco
2170 1353 2346 1417 nulla
2409 1372 2623 1418 earum
2672 1352 2951 1436 particu-

706 1463 915 1528 larum
962 1462 1374 1545 desideratur,
1425 1480 1585 1547 quae
1637 1462 1714 1527 ad
1765 1461 1992 1526 somnii
2042 1460 2313 1543 speciem
2361 1461 2526 1525 recte
2574 1479 2949 1544 componen-

705 1570 850 1634 dam
899 1571 977 1633 et.
1006 1570 1401 1635 formandam
1449 1570 1835 1634 necessariae
1884 1571 2060 1634 sunt:
2113 1569 2292 1650 poeta
2339 1568 2585 1631 noctem
2620 1567 2943 1648 describit,

706 1695 901 1758 quam
955 1677 1084 1743 tim
1152 1676 1337 1741 larva.
1376 1676 1664 1741 exhibeat
1712 1678 1773 1740 et
1823 1694 2127 1760 apparens
2199 1675 2261 1738 et
2306 1692 2698 1754 evanescenS,
2769 1674 2954 1739 affert

707 1766 1017 1849 incitandi
1064 1782 1401 1848 formulam
1451 1782 1630 1847 addit
1686 1783 1802 1867 ([v.
1861 1779 2008 1869 198]
2069 1800 2227 1865 quae
2299 1780 2668 1864 exprimitur
2739 1780 2948 1846 verbis

702 1889 923 1955 invade
981 1890 1143 1955 hanc
1186 1890 1398 1953 urbem
1471 1890 1535 1953 et
1605 1888 1688 1974 lv.
1769 1891 1891 1954 190
1919 1888 2039 1973 sq.]
2118 1886 2341 1952 absiste
2403 1888 2608 1953 labore
2685 1890 2953 1972 ancipiti

702 1997 809 2060 sed
851 2018 960 2061 nec
1012 2000 1214 2083 scynis
1250 2000 1501 2081 potiora
1574 2000 1856 2081 capesse).
1953 1995 2148 2059 Silius
2198 1996 2289 2059 ita
2356 1996 2677 2078 spectrum
2746 1994 2947 2059 intro-

710 2102 908 2186 duxit,
939 2104 1034 2184 ¹ut,
1079 2096 1357 2188 prodigii
1389 2102 1521 2167 loco
1568 2102 1870 2167 maiorem
1918 2122 2050 2167 rem
2081 2103 2588 2187 praenuntiantis
2622 2104 2943 2187 appareat.

704 2210 883 2291 Quod
932 2210 1268 2280 consilium
1316 2212 1497 2293 poeta
1546 2209 1857 2291 habuerit,
1907 2230 2028 2273 non
2080 2210 2232 2274 satis
2283 2209 2513 2293 liquet;
2573 2209 2639 2273 id
2688 2210 2951 2295 quidem

706 2316 1107 2400 perspicuum
1155 2318 1252 2381 est
1314 2316 1542 2381 Silium
1608 2318 1851 2399 patrem
1902 2315 2177 2400 Scipioni
2249 2316 2510 2381 suadere
2577 2317 2798 2395 facere,
2870 2336 2949 2379 ne

705 2426 1091 2489 occasionem
1116 2424 1296 2489 urbis
1323 2424 1839 2506 opulentissimae
1867 2424 2206 2506 potiundae
2233 2424 2709 2505 praetermittat.
2778 2420 2948 2500 Quo-

705 2532 888 2596 modo
937 2531 1131 2596 Silius
1179 2530 1368 2596 illum
1416 2530 1856 2614 Vergilianum
1905 2531 2112 2595 locum
2159 2530 2245 2606 <V
2280 2533 2402 2595 721
2443 2533 2606 2614 sqq.)
2657 2524 2948 2594 imitatus

710 2638 814 2718 sit,
865 2639 1186 2721 poetarum
1219 2656 1436 2702 versus
1485 2638 1652 2702 inter
1684 2656 1750 2701 se
1799 2640 2228 2721 comparantes
2267 2638 2691 2702 demonstrare
2723 2654 2946 2719 possu-

701 2764 865 2827 mus.
961 2745 1144 2827 Apud
1194 2744 1550 2829 Vergilium
1598 2746 1844 2808 exstant
1890 2745 1957 2809 hi
2005 2764 2254 2809 versus:

883 2871 1003 2934 721
1058 2879 1120 2932 et
1164 2891 1307 2939 nox
1351 2881 1491 2931 atra
1527 2870 1747 2952 polum
1795 2869 1951 2954 biqis
2000 2869 2276 2933 subvecta
2323 2869 2556 2931 tenebat

882 2978 1008 3042 722
1058 2979 1218 3039 visa.
1266 2976 1486 3040 dehine
1528 2977 1694 3041 caelo
1737 2977 1981 3060 facies
2026 2977 2282 3061 delapsa
2307 2978 2660 3060 parentis

890 3228 931 3291 ¹)
970 3227 1092 3282 Non
1129 3227 1293 3282 aliter
1330 3244 1395 3282 ac
1438 3227 1684 3282 Lucanus
1722 3227 1916 3282 Italiae
1971 3228 2264 3296 imaginem
2305 3227 2526 3281 Caesari
2585 3231 2946 3298 apparentem

705 3317 841 3371 facit
878 3315 930 3384 (Ι
975 3318 1075 3372 185
1101 3319 1263 3387 sqq.)‚
1298 3317 1443 3380 apud
1472 3316 1668 3371 Silium
1699 3316 1839 3371 Latii
1865 3316 2214 3371 simulacrum
2241 3316 2300 3371 O.
2328 3314 2619 3371 Claudium
2645 3304 2936 3383 Neronem,

710 3406 804 3475 qui
843 3404 899 3459 in
920 3406 1155 3461 Lucanis
1180 3407 1440 3460 adversus
1464 3404 1824 3461 Hannibalem
1853 3414 2034 3461 castra
2059 3410 2336 3475 posuerat,
2373 3421 2472 3475 per
2496 3405 2709 3460 somnia
2753 3406 2944 3457 monet

710 3500 773 3550 ut
809 3494 893 3550 illi
932 3494 1168 3551 obsistat
1205 3495 1322 3559 (XV
1360 3494 1464 3547 546
1490 3496 1649 3566 sqq.).
1723 3495 1789 3548 In
1826 3494 1986 3549 huius
2025 3495 2228 3565 speciei
2254 3495 2429 3549 forma
2466 3498 2523 3548 et
2547 3492 2941 3564 compositione

709 3582 997 3638 nonnullas
1056 3583 1352 3655 particulas
1408 3613 1469 3623 —
1528 3588 1591 3639 ut
1654 3584 1801 3653 apud
1867 3583 2141 3637 Lucanum
2200 3583 2291 3650 (cf.
2355 3598 2522 3653 supra
2580 3602 2633 3655 p.
2671 3582 2818 3648 503)
2876 3610 2936 3621 -

710 3672 1030 3738 invenimus,
1070 3689 1205 3744 quas
1242 3679 1440 3743 poetae
1476 3674 1534 3726 in
1572 3674 1875 3727 animarum
1914 3688 2143 3726 ascensu
2182 3671 2444 3729 adhibere
2484 3671 2680 3736 solent,
2745 3670 2944 3741 quibus

713 3760 1064 3829 dormientes,
1102 3768 1165 3819 ut
1190 3763 1654 3832 expergiscantur,
1693 3764 2010 3819 incitantur.
2083 3762 2224 3817 Nam
2247 3763 2431 3829 imago
2457 3762 2726 3830 iuvenem,
2764 3768 2828 3817 ut
2854 3776 2944 3815 ex-

705 3852 1064 3921 pergiscatur,
1101 3852 1209 3913 ,bis
1247 3850 1574 3907 adhortatur
1611 3857 1686 3917 (v.
1734 3853 1838 3907 548
1879 3850 2058 3908 verbis
2082 3870 2263 3924 rumpe
2301 3859 2456 3919 atque
2493 3854 2687 3922 expelle
2723 3852 2944 3919 quietem

700 3938 793 4009 [ci.
868 3956 1036 4011 supra
1109 3956 1160 4009 p.
1217 3939 1361 4009 49‚2]
1461 3945 1518 3994 et
1579 3958 1630 3995 v.
1691 3939 1793 3995 556
1867 3959 2038 4014 surqe,
2111 3959 2226 4012 aye,
2304 3948 2398 4011 jer
2467 3957 2703 4012 messum
2778 3956 2942 4009 porro

711 4044 876 4100 quam
916 4028 1025 4082 vim
1064 4029 1276 4100 species
1314 4030 1370 4083 in
1409 4028 1701 4084 Claudium
1730 4028 2001 4097 Neronem
2039 4028 2308 4095 exhibeat,
2344 4028 2431 4083 his
2469 4028 2650 4084 verbis
2689 4027 2940 4099 depingi·

702 4122 827 4173 tur:
866 4116 1150 4187 [Claudius
1186 4118 1356 4185 Nero]

1015 4207 1210 4277 rumpit
1235 4209 1508 4277 flammato
1547 4207 1787 4260 turbatus
1826 4207 1977 4261 corde
2013 4225 2244 4277 soporem

1008 4314 1082 4357 ,ac
1116 4297 1337 4368 supplex
1369 4296 1603 4368 qeminas
1640 4296 1852 4350 tendens
1890 4297 1963 4349 ad
1996 4284 2172 4351 sidera
2208 4298 2412 4367 palmas

1016 4387 1252 4441 tellurem
1288 4393 1579 4453 noctemque
1616 4393 1667 4439 et
1703 4386 1844 4439 caelo
1881 4404 2070 4457 sparsa
2105 4393 2355 4457 precatur

1018 4483 1169 4528 astra
1206 4475 1481 4542 ducemque
1518 4475 1634 4529 viae
1669 4474 1829 4529 tacito
1868 4475 1958 4529 sub
1997 4477 2185 4529 lumine
2222 4472 2460 4528 Phoeben
