3242 5059
815 581 968 649 Late
1002 585 1213 649 narrat
1237 584 1390 649 Creo
1414 583 1593 665 (Seu.
1625 584 1778 649 Oed.
1815 604 1869 647 V.
1907 584 2034 647 530
2062 586 2226 667 sqq.)
2254 582 2392 647 Laii
2425 580 2872 660 evocationem,

645 710 805 774 quae
852 692 915 755 in
988 692 1129 756 luco
1178 710 1351 755 sacro
1374 692 1418 771 ¹)
1491 692 1683 755 effosa
1729 690 1957 755 tellure
2013 691 2340 773 nigrisque
2386 688 2752 753 bidentibus
2802 707 2875 752 ac

639 800 845 863 bubus
896 797 1187 865 mactatis
1258 798 1565 880 sanguine
1612 800 1677 862 in
1728 800 1924 862 fossas
1975 794 2190 877 effuSO,
2240 795 2626 862 carminibus
2669 794 2873 879 magi-

640 905 729 969 cis
778 907 1047 970 cantatis
1095 906 1185 971 fit.
1290 906 1593 969 Hercules
1651 906 1859 985 (Herc.
1913 903 2047 970 Oet.
2099 926 2153 967 v.
2211 906 2378 969 1940
2414 903 2580 987 sqq.)
2650 902 2872 980 matris

636 1012 841 1077 neniis
890 1012 1307 1096 precibusque
1355 1015 1606 1076 vocatus
1658 1015 1933 1095 apparet.
1990 1048 2068 1057 --
2889 1076 2892 1081 ,

813 1118 1104 1184 Lucanus
1154 1119 1265 1199 (Vl
1310 1121 1443 1184 413
1478 1121 1640 1201 sqq.)
1698 1119 2236 1183 accuratissimam
2312 1118 2691 1183 evocationis
2767 1118 2873 1180 de-

639 1226 1041 1308 scriptionem
1076 1226 1355 1302 exhibet3
1406 1229 1477 1290 ut
1508 1225 1850 1309 Fahzius2)
1899 1226 2018 1291 ait:
2073 1226 2365 1289 Lucanus
2397 1247 2600 1287 omnes
2638 1235 2872 1307 poem,

636 1336 749 1417 qui
800 1334 884 1395 vel
910 1345 1089 1396 antea
1143 1335 1226 1396 vel
1263 1345 1475 1416 postea
1522 1336 1799 1417 ‘maqicas
1847 1355 1941 1395 res
1973 1335 2446 1416 descripserant,
2494 1354 2703 1395 rerum
2738 1353 2872 1393 ma-

635 1444 921 1525 yieaoum
998 1441 1281 1503 doctrina
1362 1442 1534 1503 valde
1608 1443 1943 1523 superavit.
2049 1439 2288 1521 SextUS,
2365 1440 2623 1522 Pompei
2681 1439 2873 1519 filiuS,

639 1566 893 1631 magam
962 1548 1327 1613 Thessalam
1375 1550 1529 1629 adit,
1600 1550 1672 1611 ut
1718 1550 1934 1613 futura
2007 1547 2131 1611 sibi
2180 1548 2512 1630 praedicat.
2599 1529 2773 1631 'Saga
2821 1549 2876 1611 ei

638 1655 973 1739 respondet
997 1676 1061 1719 se
1109 1657 1428 1720 hominem
1454 1656 1638 1719 modo
1689 1656 2057 1719 defunctum
2092 1656 2168 1718 ad
2221 1655 2415 1719 vitam
2452 1656 2877 1719 revocaturam

639 1766 701 1827 et
757 1764 832 1827 de
882 1764 1066 1828 rebus
1139 1763 1373 1828 futuris
1422 1763 1852 1828 consulturam
1927 1782 2078 1827 esse.
2177 1761 2382 1840 Quam
2452 1761 2875 1826 evocationem

639 1872 820 1954 poeta
867 1871 1019 1936 atris
1070 1872 1382 1936 coloribus
1434 1870 1752 1935 describit.

820 1979 1106 2043 Valerius
1157 1976 1482 2057 Flaccus⁸)
1555 1997 1813 2061 parvam
1864 1980 2365 2042 necromanteam
2440 1978 2494 2060 (1
2545 1976 2671 2040 730
2706 1979 2876 2062 sqq.)

637 2086 843 2169 fingit,
914 2087 977 2149 in
1037 2106 1159 2169 qna
1208 2088 1279 2148 ut
1326 2084 1491 2167 apud
1543 2085 1888 2149 Homerum
1937 2088 2003 2147 in
2049 2084 2359 2148 scrobibus
2405 2106 2590 2147 cruor
2634 2096 2880 2171 staynat

640 2194 701 2258 et
748 2194 1039 2258 cantibus
1087 2196 1259 2255 atavi
1307 2194 1745 2274 implorantur.

716 2380 729 2389 ἱ
819 2302 1007 2385 Apud
1055 2299 1317 2363 Silium·
1355 2300 1534 2379 (xm
1585 2300 1710 2365 395
1748 2304 1932 2383 sqq.),
2007 2301 2117 2383 qui
2164 2300 2231 2363 in
2283 2298 2592 2382 Scipionis
2665 2301 2879 2383 necyia

641 2408 898 2473 Homeri
946 2407 1149 2489 magis
1222 2426 1412 2489 quam
1459 2407 1733 2489 Vergilii
1804 2409 2159 2491 exemplum
2205 2407 2494 2471 imitatur
2513 2406 2585 2487 ⁴),
2650 2408 2879 2488 omnia,

640 2536 799 2600 quae
844 2516 1011 2597 apud
1060 2514 1400 2578 Homerum
1472 2514 1537 2577 in
1588 2514 1782 2578 sacris
1853 2516 2143 2597 usurpari
2193 2515 2412 2593 solent,
2485 2513 2876 2578 invenimus:

640 2623 852 2705 nigras
926 2622 1197 2705 pecudes
1246 2622 1308 2685 et
1382 2640 1662 2685 cruorem
1712 2626 1798 2702 (V.
1850 2622 1976 2686 405
2014 2626 2180 2705 sqq.)
2251 2623 2313 2684 et
2360 2620 2553 2685 mella
2623 2622 2684 2685 et
2727 2623 2884 2705 puri

641 2730 805 2793 dona
856 2728 1052 2813 Lyaei
1097 2733 1177 2809 (v.
1231 2732 1405 2809 416).

818 2836 1099 2901 Eteocles
1150 2834 1331 2916 (Stat.
1358 2836 1557 2901 Theb.
1591 2836 1671 2900 [V
1711 2838 1838 2899 406
1870 2836 2101 2919 sqq.)⁵)
2136 2834 2444 2918 prodigiis
2477 2836 2880 2917 perturbatus

642 2943 951 3008 Tiresiam
1000 2944 1295 3023 consulit,
1344 2944 1452 3025 qui
1501 2963 1595 3025 ea,
1646 2963 1804 3027 quac
1853 2944 1930 3006 ad
1982 2944 2464 3009 sacrificandum
2515 2946 2576 3008 et
2623 2962 2882 3008 evocan-

642 3050 793 3115 dum
843 3069 997 3134 opus
1046 3051 1213 3132 sunt,
1263 3053 1594 3133 praeparat
1646 3052 1728 3133 (V.
1781 3052 1910 3114 443
1945 3054 2140 3134 sqq.):

1024 3158 1261 3220 velleris
1310 3156 1551 3220 obscuri
1586 3158 1855 3241 pecudes
1901 3169 2300 3242 armentaque
2345 3161 2488 3221 sisti

1027 3276 1169 3327 atra
1214 3275 1434 3343 monet,

641 3372 859 3436 vinum
908 3373 970 3434 et
1041 3371 1138 3435 lac
1186 3370 1487 3451 libantur,
1559 3392 1740 3436 cruor
1812 3376 2025 3436 manat
2095 3376 2174 3451 (v.
2227 3376 2355 3437 452
2391 3376 2577 3457 sqq.),
2651 3375 2887 3439 Hecata

642 3480 999 3553 advocatur,
1072 3477 1330 3542 Plutoni
1380 3480 1444 3542 et
1493 3477 1702 3543 Cereri
1750 3498 1890 3543 arae
1939 3479 2342 3544 instruuntur
2394 3481 2474 3564 (v,
2525 3483 2653 3544 455
2690 3483 2885 3563 sqq.);

642 3586 878 3666 Manto,
949 3585 1227 3649 Tiresiae
1274 3586 1429 3668 filia,
1502 3587 1731 3667 omnia,
1803 3605 1961 3669 quae
2011 3586 2201 3667 videt,
2277 3588 2596 3652 describit.
2693 3587 2883 3652 Laius

821 3838 864 3904 ¹)
901 3836 1105 3893 Poetae
1162 3838 1365 3893 aetatis
1403 3839 1793 3908 imperatorum
1833 3838 2063 3893 Romani
2122 3855 2246 3893 cum
2293 3856 2482 3893 omnes
2541 3839 2875 3895 evocationis

638 3927 1091 3998 praeparationes
1139 3928 1545 3980 accuratissime
1584 3927 1965 3983 describebant
2004 3932 2120 3982 tum
2162 3927 2346 3983 lucum
2383 3944 2613 3995 sacrum,
2679 3929 2738 3983 in
2778 3946 2886 4000 qno

635 4018 879 4073 evocatio
916 4015 1101 4085 fiebat,
1140 4015 1534 4086 depingebant.

815 4106 859 4171 ⁸)
892 4106 953 4159 L.
990 4104 1028 4159 1.
1066 4123 1118 4177 p.
1163 4105 1281 4161 148.

813 4194 860 4262 ⁸)
907 4193 991 4249 Cf.
1030 4210 1197 4266 supra
1234 4211 1286 4264 p.
1324 4194 1416 4248 54.

812 4283 856 4351 ⁴)
895 4281 978 4337 Cf.
1016 4284 1333 4339 Nordenum
1370 4282 1406 4337 l.
1447 4282 1481 4336 1.
1523 4301 1574 4354 p.
1616 4282 1722 4337 348
1760 4290 1875 4339 not.
1915 4286 1960 4337 2.

810 4372 857 4439 ⁸)
896 4371 1033 4427 Vide
1086 4372 1361 4428 Helminm
1423 4388 1640 4444 quoqne
1699 4372 1792 4442 (de
1831 4374 1994 4429 Statii
2050 4373 2332 4429 Thebaide
2387 4393 2442 4445 p.
2480 4375 2549 4431 33
2576 4374 2734 4446 sqq),
2793 4378 2887 4448 qui

636 4463 874 4521 Statium
910 4462 1155 4531 Homeri,
1198 4462 1442 4532 Vergilii,
1488 4464 1728 4519 Senecae
1781 4463 2014 4535 vestigia
2051 4464 2315 4537 pressisse
2353 4463 2711 4539 demonstrat.
