3242 5059
1261 380 1651 445 ...5-

335 573 513 653 poeta
562 572 836 636 Patrocli
895 575 1184 639 umbram
1233 575 1478 658 fingens
1537 575 1831 640 habuerit
1879 596 2191 661 quemque
2248 578 2451 644 locum
2501 576 2571 641 in

333 680 528 752 totius
576 680 1350 764 carminiscompositione
1374 682 1528 747 haec
1565 683 1805 766 species
1829 685 2110 769 occupet,
2159 703 2566 768 quaeremu83

332 787 499 871 quod
578 787 924 852 diiudicare
1003 787 1269 853 difficile
1346 790 1460 853 est.
1584 788 1748 853 Nam
1826 809 2209 875 quamquam
2286 791 2567 877 Achilles

315 893 558 981 omnia,
611 913 770 977 quae
804 894 880 959 ad
931 896 1325 977 sepulturam
1359 896 1709 961 necessaria
1758 897 1925 978 suut,
1972 898 2102 961 iam
2145 899 2331 963 antea
2360 898 2569 982 parari

331 1000 539 1079 iussit,
611 1002 802 1066 noctu
872 1002 1081 1066 tamen
1129 1000 1460 1067 Patroclus
1533 1002 1751 1067 eadem
1811 1003 1989 1087 petit.
2082 1004 2362 1071 Achilles
2410 1004 2567 1089 ipse,

332 1126 443 1172 cur
477 1108 538 1172 id
572 1108 764 1191 petat,
815 1108 1226 1173 simulacrum
1260 1109 1638 1193 interrogat;
1689 1130 1811 1175 non
1845 1111 2067 1195 liquet,
2116 1132 2239 1196 qua
2272 1113 2347 1177 de
2380 1131 2568 1199 causa

329 1216 512 1297 poeta
558 1213 674 1279 hac
707 1213 910 1298 specie
959 1234 1111 1281 usus
1145 1215 1248 1298 sit,
1301 1218 1601 1301 quoniam
1634 1236 2094 1300 supervacanea
2133 1219 2382 1285 videtur
2412 1238 2564 1286 esse.

327 1319 670 1403 Ettigius1)
739 1342 932 1405 neque
999 1323 1210 1407 inquit
1281 1326 1352 1387 in
1420 1345 1485 1387 eo
1553 1334 1705 1404 puto
1782 1325 1916 1387 iure
1988 1324 2333 1411 offendens,
2403 1326 2569 1410 quod

324 1438 504 1513 royac
571 1428 908 1510 Patroclus,
978 1440 1048 1493 ut
1099 1432 1448 1511 sepeliatur,
1519 1453 1661 1493 eum
1734 1432 2000 1497 Achilles
2070 1434 2203 1495 iam
2266 1433 2567 1517 postridie

325 1557 464 1597 eum
499 1538 853 1620 sepulturus
898 1540 999 1601 eit.
1067 1539 1281 1600 Amici
1323 1540 1813 1603 coniunctissimi
1842 1542 2063 1604 anima
2106 1560 2247 1604 eum
2279 1550 2559 1623 apparet,

323 1642 616 1705 ultimum
685 1644 817 1706 vale
863 1644 1111 1708 dictura
1183 1665 1385 1707 nonne
1445 1656 1912 1708 consentaneum
1980 1657 2068 1709 eet
2114 1667 2334 1731 roqare
2401 1667 2557 1727 eam,

323 1761 392 1811 ut
435 1752 664 1813 misera
710 1751 1068 1814 condicione
1128 1771 1318 1836 quam
1363 1752 1680 1815 celerrime
1724 1752 2034 1836 liberetur,
2108 1753 2245 1816 lieet
2290 1753 2563 1817 Achilles

323 1859 536 1920 omnia
581 1856 666 1921 ad
708 1857 1098 1941 sepulturam,
1127 1858 1650 1941 praeparaverit?
1708 1858 1782 1923 In
1838 1859 1955 1923 hoc
2001 1858 2310 1943 colloquio
2365 1858 2562 1925 maxi-

326 1983 499 2028 mum
574 1964 734 2029 mihi
805 1964 1062 2049 quidem
1140 1964 1392 2031 videtur
1463 1984 1596 2029 esse
1674 1967 1888 2030 ambos
1966 1966 2032 2030 in
2112 1966 2330 2031 eadem
2404 1985 2563 2031 urna

324 2069 595 2152 humari,
668 2092 812 2137 nam
863 2073 1188 2137 Patroclus
1236 2072 1335 2136 bis
1361 2070 1411 2152 ²)
1472 2074 1553 2153 (ν.
1606 2074 1691 2138 83
1740 2091 1832 2156 sq.
1884 2073 1947 2137 et
1992 2094 2049 2137 v.
2101 2074 2212 2153 91)
2257 2072 2419 2137 hanc
2466 2092 2561 2137 se-

322 2177 601 2260 peliendi
670 2178 980 2244 rationem
1048 2179 1325 2262 postulat
1341 2176 1389 2260 ⁸)
1460 2179 1524 2243 et
1578 2179 1722 2262 pest
1768 2178 1894 2244 alia
1950 2180 2137 2244 verba
2184 2178 2433 2263 longius
2483 2179 2561 2244 de

323 2284 441 2349 hac
475 2305 538 2349 re
571 2287 855 2370 loquitur
884 2305 1090 2371 neque
1122 2285 1458 2371 quisquam
1506 2285 1677 2350 ultra
1708 2285 1985 2351 mandat.
2054 2285 2285 2351 Versus
2312 2286 2394 2350 97
2422 2305 2557 2371 sqq.

319 2485 610 2553 postquam
647 2480 932 2551 Caligulae
969 2482 1200 2538 cadaver
1249 2484 1428 2554 primo
1454 2499 1564 2536 non
1601 2484 1709 2536 rite
1735 2483 1792 2537 iu
1829 2482 2006 2537 hortis
2032 2481 2328 2553 sepultum,
2366 2487 2558 2553 poste·

321 2578 505 2627 autem
543 2587 576 2624 a
611 2572 888 2627 sororibus
925 2576 1074 2628 terra
1119 2572 1402 2627 conditum
1442 2588 1560 2627 esse
1609 2572 1869 2640 narravit,
1914 2572 2120 2643 pergit:
2156 2571 2303 2627 Satis
2339 2581 2559 2641 comat,

315 2663 465 2731 pn'ue
525 2679 682 2731 quam
740 2663 798 2715 id
841 2665 1020 2731 fieret,
1091 2664 1357 2717 hortorum
1415 2663 1649 2717 custodes
1709 2662 1903 2716 umbrie
1962 2663 2272 2731 inquietatos
2290 2684 2307 2715 .·
2378 2663 2437 2715 ivi
2494 2680 2559 2717 ea

317 2768 510 2821 quoque
571 2752 735 2818 domo,
795 2752 852 2805 in
912 2769 1016 2820 qua
1074 2752 1382 2818 occubuerit,
1445 2753 1644 2806 nullam
1703 2758 1898 2805 noctem
1952 2752 2063 2805 eine
2124 2752 2297 2820 alique
2357 2758 2557 2806 terrore

315 2847 654 2910 transactam,
679 2842 839 2896 donec
857 2842 975 2913 ipsa
999 2842 1177 2896 domus
1195 2842 1430 2896 incendio
1457 2848 1761 2912 consumpta
1786 2841 1883 2906 sit3
1922 2838 2069 2907 apud
2095 2838 2423 2894 Pausaniam
2446 2839 2555 2908 (lx

319 2928 482 2998 38‚5)‚
519 2930 614 3001 qui
649 2935 856 2999 narret,
893 2947 1014 2986 cum
1047 2928 1531 2986 Orchomeniorum
1569 2946 1702 2999 ager
1738 2930 1807 2985 eb
1833 2927 2125 2984 Actaeonis
2158 2928 2311 2982 larva.
2332 2944 2549 2985 vexere-

321 3021 429 3085 tur‚
467 3018 687 3073 oraculo
712 3018 976 3089 Delphico
1023 3018 1272 3075 consulto
1310 3020 1489 3074 iussos
1527 3035 1647 3074 esse
1667 3017 2058 3099 'Orchomenios
2093 3015 2247 3072 illius
2283 3016 2548 3088 reliquias

319 3109 467 3161 terra
503 3107 751 3163 condere.
835 3107 1102 3163 Similiter
1137 3108 1285 3180 apud
1321 3108 1617 3163 Homerum
1655 3104 1890 3177 Elpenor
1926 3104 1980 3173 (λ
2019 3104 2086 3160 72
2107 3105 2251 3177 sqq.)
2290 3105 2359 3160 ab
2399 3105 2556 3161 Ulixe

317 3196 459 3265 petit
495 3212 564 3250 ue
600 3213 663 3253 se
717 3197 1051 3268 insepultum
1089 3204 1186 3253 aut
1210 3196 1611 3269 indeploratum
1650 3212 1769 3250 esse
1796 3195 2061 3266 patiatur,
2102 3194 2250 3265 quod
2279 3193 2555 3265 Vergilius

317 3284 470 3352 (Aen.
510 3284 588 3339 v1
637 3285 740 3341 887
783 3286 924 3358 sqq.)
969 3291 1027 3341 et
1064 3286 1231 3343 Silius
1268 3288 1327 3340 in
1379 3285 1572 3357 necyia
1627 3284 1782 3353 (XIII
1836 3284 1938 3338 457
1978 3283 2120 3355 sqq.)
2157 3283 2367 3340 imitati
2402 3288 2549 3339 sunt.

493 3374 513 3407 1

500 3374 705 3533 3)ῑὲἰέ
723 3375 958 3519 fereisstili
994 3465 1264 3536 quispiam
1326 3468 1570 3535 opponat
1624 3462 1857 3519 alterum
1894 3461 2093 3529 locuni,
2149 3461 2246 3517 ubi
2301 3460 2370 3517 de
2416 3477 2555 3517 uma

313 3552 519 3607 dictum
592 3561 695 3622 est,
789 3554 1182 3627 interpolatum
1257 3570 1405 3619 eese;
1486 3560 1546 3609 et
1617 3552 1723 3607 hoc
1796 3551 1981 3618 reicio,
2064 3566 2191 3606 nem
2251 3550 2539 3606 Patroclus

321 3642 554 3711 primum
591 3644 835 3711 mandet,
872 3649 934 3699 ut
973 3646 1133 3701 ambo
1173 3660 1280 3699 une
1317 3643 1638 3711 condentur,
1674 3647 1812 3710 tum,
1850 3658 1957 3713 qua
1994 3640 2063 3696 de
2102 3656 2268 3695 ctus·
2303 3639 2545 3695 Achilles

317 3731 374 3788 id
413 3733 592 3789 facere
637 3733 906 3803 iubeatur,
945 3734 1168 3805 exponit
1206 3750 1330 3789 eum
1372 3733 1440 3788 de
1477 3732 1728 3789 amicitie
1766 3728 2276 3798 commonefaciens,
2310 3730 2549 3801 denique

320 3837 379 3876 se
406 3826 635 3893 propter
670 3823 811 3878 hanc
847 3823 1146 3879 amicitiam
1182 3824 1239 3879 id
1277 3822 1374 3881 (sc.
1401 3823 1459 3877 in
1495 3822 1685 3877 eedem
1712 3837 1851 3877 utne
1886 3817 2124 3887 humeri)
2159 3822 2348 3889 petere
2385 3817 2538 3885 dicit3

317 3912 714 3969 sententiarum
769 3913 946 3983 igitur
1006 3913 1140 3969 ordo
1201 3918 1453 3969 accurate
1514 3916 1762 3967 servatus
1817 3913 1922 3977 est,
1975 3911 2265 3979 praeterea
2317 3908 2545 3964 vocibus

307 4017 494 4056 versus
531 4002 602 4057 84

733 4135 748 4147 .
786 4133 801 4148 .
839 4133 854 4147 .
892 4091 976 4151 ὡς
1011 4093 1264 4164 τράφομέν
1301 4109 1390 4163 περ
1427 4090 1477 4144 ἐν
1514 4090 1785 4161 ὑμετέροισι
1824 4088 2048 4157 δόμοισιν

312 4181 607 4250 respondet
644 4197 830 4237 versus
869 4182 935 4237 91
973 4182 1277 4237 sententia:

731 4269 813 4326 ὧς
849 4268 903 4322 δὲ
937 4270 1022 4323 καὶ
1058 4269 1202 4323 ὀστέα
1237 4276 1359 4323 νῶιν
1397 4268 1498 4342 ὁμὴ
1536 4268 1677 4343 σορὸς
1714 4264 2109 4339 ἀμφικαλὺπτοι.

486 4357 531 4426 ⁸)
573 4356 657 4413 Cf.
697 4357 930 4430 Heyium
970 4360 1109 4426 (Der
1146 4359 1552 4429 Traumglaube
1612 4357 1709 4412 der
1748 4355 1959 4411 Antike.
2034 4354 2137 4409 nin
2182 4352 2540 4409 historischer

308 4446 550 4503 Venuch
585 4448 630 4515 I,
684 4447 957 4504 Mfinchen
998 4449 1136 4505 1908
1191 4450 1384 4521 Progr.
1441 4447 1536 4505 des
1593 4446 1718 4519 Kgl.
1756 4444 2073 4517 neniam.
2117 4458 2160 4498 z.
2212 4441 2307 4517 Π.)
2360 4460 2414 4515 p.
2462 4443 2547 4499 10.
