3242 5059
1138 1482 1600 1580 Excursus
1668 1485 1771 1581 ΙΙ.

508 1677 725 1741 Manes
801 1678 1130 1741 ascendere
1201 1676 1357 1742 alios
1429 1680 1791 1744 consolandi
1864 1700 2050 1745 causa
2118 1680 2245 1745 iam
2319 1681 2574 1765 supra¹)

331 1783 503 1868 (Sen.
555 1785 733 1849 Herc.
810 1784 946 1848 Oet.
1020 1805 1076 1848 v.
1133 1786 1301 1849 1940
1350 1806 1481 1869 sqq.
1556 1788 1619 1850 et·
1667 1787 1803 1853 Val.
1859 1787 2058 1852 Flacc.
2131 1787 2219 1851 IV
2280 1790 2362 1851 22
2413 1794 2575 1873 sqq.)

328 1889 624 1955 vidimus.
723 1891 886 1955 Huic
938 1892 1290 1956 animarum
1341 1893 1796 1957 consolantium
1834 1894 2046 1977 generi
2094 1895 2421 1960 adnectam
2473 1916 2572 1960 ra-

329 1997 567 2061 tionem
618 1998 892 2077 umbraS‚
944 2000 1015 2061 ub
1065 1999 1337 2079 redeant,
1389 2001 1633 2080 orandi,
1686 2020 1872 2083 quam
1908 2000 2222 2083 imprimis
2272 2002 2334 2065 in
2389 2003 2578 2068 statii

336 2104 745 2185 carminibus,
826 2123 985 2188 quae
1055 2105 1505 2169 consolationes
1590 2108 1686 2171 vel
1764 2107 2058 2192 ἐπικήδεια
2152 2109 2575 2193 nominantur,

334 2212 701 2293 reperimus,

510 2319 643 2381 Iam
694 2320 1026 2401 Euripides
1075 2320 1140 2381 in
1190 2319 1511 2384 Alcestide
1584 2324 1665 2401 (V.
1719 2322 1846 2384 354
1895 2327 2056 2405 sqq.)
2123 2324 2282 2386 hanc
2330 2325 2578 2387 senten-

328 2424 485 2489 tiam
538 2426 774 2509 profert
804 2425 895 2506 2);
950 2426 1251 2490 Admetus
1298 2426 1580 2508 loquitur
1630 2428 1704 2490 de
1756 2428 2116 2491 Alcestide:

1677 2551 1734 2613 ἐν
1781 2552 2086 2636 δ’ὀνείρασι

654 2658 912 2742 φοιτῶσά
962 2656 1020 2739 μ’
1071 2658 1393 2743 εὐφραίνοις
1439 2656 1525 2720 ἄν·
1575 2658 1683 2741 ἡδὺ
1729 2657 1844 2743 γὰρ
1893 2659 2092 2743 φίλους

654 2765 757 2827 κάν
802 2764 957 2827 νυκτὶ
1002 2746 1272 2847 λεύόσειν,
1324 2764 1484 2827 ὅντιν’
1537 2764 1602 2826 ἂν
1651 2771 1804 2849 παρῇ
1853 2764 2078 2849 χρόνον.

521 2872 795 2935 Eandem
846 2872 1221 2935 sententiam
1273 2872 1628 2935 invenimus
1678 2873 1846 2956 apud
1881 2873 2278 2955 Propertium
2329 2874 2438 2955 (lv
2475 2877 2580 2955 11,

332 2978 416 3043 81
454 2983 574 3060 sq.)
608 2978 673 3041 in
729 2979 947 3062 regina
979 2978 1348 3061 elegiarum,
1398 2979 1460 3042 in
1498 2999 1618 3062 qua
1658 2978 1950 3044 Cornelia
1995 2982 2240 3044 mortua
2281 2980 2580 3046 Paullum

331 3084 637 3149 maritum
690 3086 1046 3150 consolatur
1095 3086 1339 3150 dicens:

660 3190 774 3255 Sat
821 3191 936 3255 tibi
980 3194 1104 3254 sint
1150 3204 1364 3273 noc-tec,
1415 3214 1539 3276 qua
1588 3194 1663 3256 de
1707 3198 1838 3273 me,
1875 3193 2110 3276 Ρααῑίε,
2158 3194 2406 3279 saudyca,

654 3301 1012 3383 somniaque
1059 3302 1125 3361 in
1172 3300 1399 3382 faciem
1446 3300 1682 3363 credita
1726 3321 1903 3383 saepe
1949 3322 2170 3365 meam.

521 3406 587 3468 In
646 3406 1089 3471 consolassionis
1125 3408 1198 3470 ad
1236 3406 1481 3472 Liviam
1534 3408 1654 3471 fine
1682 3408 1963 3473 mortuus
2009 3426 2046 3471 a
2077 3409 2263 3491 poeta
2308 3407 2579 3487 elicitur,

338 3514 446 3595 qui
496 3534 591 3577 res
650 3532 685 3577 a
734 3533 798 3577 se
833 3516 1040 3596 gestas
1074 3532 1445 3578 enumerans
1473 3516 1735 3578 matrem
1778 3514 2136 3579 consolatur
2183 3516 2261 3595 et,
2318 3517 2388 3577 ut
2435 3515 2582 3579 flere

340 3620 605 3701 desinat,
660 3624 795 3685 orat·
842 3623 994 3701 <445
1032 3623 1210 3703 sqq.).

523 3728 594 3790 In
648 3725 835 3791 Stassii
884 3726 1033 3791 Silv.
1079 3728 1141 3791 II
1196 3730 1382 3809 1327
1420 3748 1554 3811 sqq.
1606 3748 1642 3791 a
1691 3727 1954 3793 Glaucia
2002 3730 2184 3812 poeta
2228 3728 2581 3792 lamentans

341 3834 675 3918 pulchrum
724 3854 989 3917 puerum
1036 3836 1199 3918 petit
1246 3834 1497 3899 verbis:

1132 4012 1146 4024 .
1200 4010 1212 4023 .
1264 3960 1408 4022 ades
1454 3958 1569 4022 huc
1612 3962 1870 4021 emissus
1915 3960 1992 4022 ab
2039 3971 2172 4023 atro

664 4066 883 4149 limite,
932 4068 1035 4129 cui
1078 4066 1195 4129 soli
1240 4076 1458 4128 cuncta
1504 4069 1834 4149 impetrare
1877 4066 2165 4149 facultas,

669 4171 965 4237 Glaucia:
1016 4176 1189 4253 (nam
1237 4175 1504 4236 insontes
1549 4174 1797 4235 animas
1843 4194 1950 4235 nec
1984 4176 2260 4257 portioor
2305 4184 2466 4240 arcet

686 4318 773 4325 -—-

524 4386 567 4454 ¹)
604 4385 665 4440 P.
704 4388 773 4440 44
812 4388 954 4456 etp.
996 4384 1081 4442 55.

522 4474 567 4544 ⁸)
605 4474 691 4529 Cf.
730 4490 899 4546 supra.
934 4493 988 4547 p.
1030 4476 1113 4531 19.
