3242 5059
1247 411 1643 474 .’.9-.

334 606 710 686 tractabant,
789 605 1068 669 imitatos
1137 625 1272 670 esse
1348 605 1753 670 manifestum
1826 605 1937 669 est.
2034 605 2359 670 Praeterea
2405 606 2572 669 hunc
2641 688 2645 692 Α

330 730 656 777 ascensum
735 714 803 776 in
875 713 1002 777 alia
1049 731 1296 797 quoque
1366 714 1613 796 spectra
1662 711 1789 777 vim
1832 712 2128 777 habuisse
2184 712 2351 778 infra
2398 712 2571 777 vide-

332 819 539 884 bimus
574 820 643 903 ¹).

509 926 579 990 In
637 926 885 992 Iliade
952 945 1183 1010 parva
1251 925 1520 991 Achillis
1598 926 1811 991 anima
1877 927 2173 1010 apparuit
2228 926 2573 991 secundum

327 1034 535 1098 Procli
613 1034 1070 1116 testimonium,
1128 1036 1296 1116 apud
1360 1052 1545 1117 quem
1605 1034 1759 1099 haec
1815 1032 2050 1115 scripta
2105 1032 2408 1115 legimus:
2479 1033 2575 1096 καὶ

327 1136 728 1223 Νεοπτόλεμον
775 1137 1090 1209 Ὀδυσσεὺς
1135 1140 1202 1203 ἐκ
1246 1136 1470 1224 Σκύρου
1518 1142 1751 1223 ἀγαγὼν
1796 1138 1868 1202 τὰ
1914 1138 2068 1203 ὅπλα
2110 1139 2312 1214 δίδωσι
2355 1138 2427 1203 τὰ
2471 1144 2571 1224 τοῦ

333 1246 564 1330 πατρός·
613 1248 709 1310 καὶ
755 1245 1136 1333 Ἀχιλλεὺς
1183 1247 1373 1333 αὐτῷ
1421 1246 1938 1333 φαντάζεταιῗ).
2175 1325 2177 1337 Ι

513 1352 933 1438 Sequentibus
1033 1354 1303 1419 saeculis
1396 1355 1674 1419 carmina
1751 1354 1928 1438 spica
1997 1355 2168 1439 poesi
2238 1354 2437 1438 lyrica
2512 1357 2575 1419 et

329 1461 622 1541 iambica,
682 1480 840 1545 quae
913 1462 1118 1543 magis
1197 1461 1528 1545 magisque
1598 1464 1921 1527 crescebat
1974 1481 2045 1527 ac
2092 1461 2372 1542 florebat,
2421 1482 2570 1546 sup-

329 1588 544 1651 pressa
621 1588 754 1633 esse
830 1570 996 1634 inter
1073 1588 1288 1633 omnes
1359 1570 1629 1650 constat3
1696 1588 2079 1652 quamquam
2150 1569 2265 1634 illa
2320 1573 2491 1634 aetas
2538 1588 2575 1633 a

329 1675 718 1740 carminibus
765 1676 960 1759 epicis
1011 1694 1133 1739 non
1181 1676 1366 1758 plane
1416 1675 1811 1757 abhorrebat,
1876 1678 2086 1740 tamen
2136 1695 2295 1759 quae
2343 1675 2575 1759 scripta

331 1784 502 1858 sunt,
551 1784 661 1847 aut
706 1782 1030 1867 perierunt
1079 1784 1188 1847 aut
1235 1783 1511 1847 carmina
1560 1782 1873 1848 didactica
1902 1785 1965 1847 et
1990 1782 2395 1867 genealogica
2425 1786 2575 1849 sunt

327 1890 405 1953 ab
457 1890 574 1953 hac
622 1887 986 1973 quaestione
1034 1890 1265 1955 aliena.

508 1997 604 2060 Ad
633 1996 1087 2061 Graecorum
1124 1995 1795 2077 etRomanorum³)
1842 1998 2104 2080 poetas
2130 1997 2468 2081 tragicos
2503 2000 2575 2063 et

327 2102 653 2167 comicos
723 2104 1126 2168 transeamus
1179 2106 1261 2186 et,
1333 2104 1643 2187 quomodo
1712 2104 2067 2168 animarum
2136 2123 2399 2194 ascensu
2472 2103 2577 2170 usi

335 2209 484 2288 sint,
557 2210 956 2275 disseramus.
1061 2210 1134 2275 In
1207 2210 1673 2293 tragoediarum
1748 2230 1972 2295 genere
2019 2230 2165 2276 cum
2218 2231 2341 2277 non
2390 2214 2572 2293 esset,

331 2319 672 2381 eommunis
718 2317 1022 2381 audaciae
1051 2339 1336 2382 scaenam
1379 2319 1448 2381 in
1477 2318 1801 2382 horrendis
1846 2321 2054 2404 ‘requie
2084 2318 2212 2382 illis
2242 2316 2571 2405 [Tartaro]

328 2445 561 2509 ponere
606 2424 1012 2509 difficilisque
1058 2428 1222 2489 inter
1265 2424 1609 2489 ridiculum
1654 2436 1709 2488 et
1738 2424 1995 2488 sublime
2041 2422 2298 2489 modum
2326 2426 2576 2491 tenendi

329 2530 586 2613 labor⁴)‚
658 2532 868 2614 plures
927 2532 1210 2597 manium
1289 2551 1582 2597 ascensus
1662 2534 1723 2597 et
1782 2532 2170 2598 evocationes
2248 2534 2570 2599 habemus

328 2690 552 2746 Hecuba
580 2690 849 2745 Achillem
891 2707 1054 2760 super
1079 2691 1296 2745 tumulo
1322 2708 1381 2745 se
1407 2691 1711 2746 ostendisse
1735 2690 2037 2761 Polydorus
2076 2690 2211 2747 dicit
2250 2692 2320 2761 (v.
2342 2690 2409 2746 37
2432 2695 2573 2765 sqq.)

329 2788 386 2832 et
422 2780 620 2835 chorus
676 2780 748 2847 (v.
796 2780 892 2833 109
918 2786 1021 2851 sq.)
1089 2780 1234 2835 idem
1291 2785 1494 2835 censet.
1549 2780 1616 2835 In
1667 2779 1821 2835 Accii
1856 2781 2164 2837 Troadibus
2200 2782 2383 2851 (frgm.
2420 2781 2482 2837 11
2520 2786 2576 2837 et

327 2871 428 2922 ine.
451 2870 556 2924 inc.
578 2868 686 2925 fab.
706 2868 1030 2939 XXXVIII)
1083 2868 1350 2924 Achillem
1375 2869 1554 2941 ipsum
1591 2870 1649 2923 in
1674 2885 1925 2924 scaenam
1952 2870 2221 2940 prodiisse
2248 2870 2575 2927 Ribbeckius

339 2957 514 3021 (Rom.
551 2958 714 3027 Trag.
751 2958 828 3013 im
865 2958 1127 3014 Zeitalter
1167 2958 1264 3013 der
1299 2958 1434 3028 Rep.
1460 2976 1512 3028 p.
1551 2959 1655 3013 417
1694 2958 1798 3029 sq.)
1835 2964 2009 3029 putat.
2076 2989 2139 2999 -
2190 2959 2415 3015 Ovidius
2442 2977 2575 3033 quo-

329 3062 436 3116 que
473 3046 625 3115 (Met.
663 3047 806 3103 XIII
867 3048 973 3103 440
1025 3047 1172 3119 sqq.)
1295 3046 1526 3103 Achillis
1594 3054 1871 3119 spectrum
1947 3053 2351 3105 commemorat.
2406 3079 2471 3089 —
2510 3050 2575 3105 In

329 3134 564 3189 Senecae
601 3136 906 3191 Troadibus
945 3136 1014 3205 (v.
1062 3139 1158 3192 168
1215 3137 1356 3208 sqq.)
1429 3136 1788 3206 Talthybius,
1834 3137 2105 3209 quomodo
2150 3138 2384 3194 Achillis
2421 3138 2572 3194 larva

329 3224 652 3292 escenderit,
691 3229 901 3285 narrat;
941 3226 1088 3295 apud
1125 3226 1393 3293 Quintum
1459 3226 1831 3297 Smyrnaeum,
1870 3226 2023 3295 (XIV
2066 3228 2162 3282 179
2202 3228 2343 3298 sqq.)
2384 3227 2565 3283 Achil-

328 3312 408 3366 les
435 3312 796 3382 Neoptolemo
817 3331 914 3383 per
938 3316 1206 3369 somnium
1233 3316 1396 3383 visus,
1449 3320 1515 3369 ut
1538 3314 1648 3370 sibi
1667 3315 1998 3386 Polyxenam
2022 3320 2280 3383 mactent,
2319 3318 2574 3378 mandat.

509 3402 548 3469 ¹)
586 3403 650 3457 In
687 3403 878 3458 Nostis
906 3403 1323 3473 Agamemnonis
1349 3420 1566 3477 quoque
1614 3406 1860 3475 necyiam
1886 3404 2078 3472 fuisse,
2118 3406 2188 3461 ad
2212 3422 2376 3475 quam
2410 3406 2570 3478 Poly·

326 3498 529 3560 gnotus
565 3492 623 3545 in
660 3494 850 3563 necyia
905 3493 1246 3562 depingenda
1299 3495 1620 3565 respexerit,
1688 3494 1981 3549 verisimile
2032 3500 2119 3550 est
2191 3496 2374 3563 (Paus.
2412 3496 2467 3549 X
2506 3497 2575 3552 28

327 3579 486 3651 sqq.);
525 3581 593 3635 cf.
636 3582 1010 3637 Di'rmmlerum
1036 3582 1121 3637 Kl.
1143 3582 1421 3637 Schriften
1455 3582 1530 3652 II,
1566 3582 1671 3637 382
1699 3582 1757 3637 ff.
1804 3582 2020 3652 [Rhein.
2059 3583 2200 3639 Mus.
2238 3584 2369 3639 NF.
2406 3585 2573 3642 XLV.

336 3670 430 3723 178
447 3668 548 3740 ff.],
587 3670 1058 3726 Wilamowitzium
1081 3671 1237 3726 Hom.
1287 3671 1506 3727 Unters.
1541 3673 1637 3725 147
1658 3673 1735 3741 ff.,
1777 3672 2048 3741 Ettigium
2075 3672 2111 3726 l.
2149 3673 2185 3729 l.
2224 3691 2277 3743 p.
2301 3674 2403 3729 278
2427 3676 2574 3747 sqq.)

329 3758 387 3813 G.
413 3758 728 3827 Robertum‚
764 3760 1076 3815 Beschreib.
1105 3760 1202 3815 der
1247 3759 1509 3815 Gemalde
1547 3760 1645 3815 des
1671 3760 2004 3831 Polygnotos
2040 3779 2089 3817 v.
2127 3762 2341 3819 Thasos
2378 3764 2435 3818 in
2472 3764 2571 3821 der

336 3848 542 3903 Lesche
579 3865 646 3904 au
681 3847 884 3920 Delphi
928 3849 1061 3905 1888
1098 3867 1154 3919 p.
1206 3850 1262 3903 11
1291 3866 1429 3921 sqq.‚
1483 3849 1882 3915 Schreiberum‚
1937 3851 2043 3907 Die
2078 3851 2434 3909 Wandbilder
2470 3854 2567 3910 dos

329 3936 608 4006 Polygnot
645 3978 658 3992 .
699 3979 713 3992 .
752 3936 951 3992 Abhai.
990 3939 1043 3994 a.
1090 3938 1383 4008 phil-hist.
1420 3938 1614 3994 masse
1653 3939 1706 3994 d.
1732 3924 2074 3996 sachsfses.
2113 3940 2163 3995 d.
2205 3940 2364 3998 wisa.
2408 3943 2562 4012 tes-1,

327 4023 507 4080 XVII.
545 4025 647 4081 Bd.
675 4027 741 4081 ·6.
777 4025 929 4082 Heft.
970 4044 1006 4097 p
1051 4028 1118 4083 57
1143 4045 1225 4098 sq.
1461 4046 1465 4049 ⁴

511 4113 555 4183 ⁸)
595 4114 956 4185 Apollodorus
995 4116 1166 4188 (Epit.
1202 4117 1254 4187 5,
1298 4118 1357 4171 11
1400 4117 1486 4174 ed.
1523 4117 1783 4188 Wagner)
1844 4117 1987 4173 hanc
2022 4136 2138 4175 rem
2174 4136 2283 4175 non
2338 4137 2571 4177 comme-

327 4210 520 4259 morat.

507 4293 552 4361 ⁸)
591 4294 711 4361 Qua
749 4293 817 4349 de
855 4311 1022 4351 causa
1057 4296 1160 4350 hos
1197 4295 1302 4350 hoc
1339 4295 1458 4351 loco
1517 4300 1751 4352 tractem
1802 4296 1872 4352 ab
1927 4298 2117 4354 ordine
2173 4298 2560 4371 chronologico

325 4382 602 4448 recedens,
639 4382 762 4438 vide
799 4383 944 4439 infra
979 4401 1032 4454 p.
1071 4384 1157 4440 22.

509 4471 553 4535 ⁴)
589 4470 835 4541 Ettigius
873 4489 929 4543 p.
967 4472 1090 4528 291.
