3242 5059
1273 415 1714 477 —27--

554 612 642 677 Ex
719 611 817 676 his
877 611 1052 676 Accii
1130 630 1200 675 ac
1277 610 1659 693 tragicorum
1742 610 2087 673 ceterorum
2118 608 2161 691 1)
2244 606 2615 691 fragmentis

375 719 668 803 quamvis
716 719 931 802 paucis
997 718 1354 783 animarum
1402 735 1696 781 ascensus
1760 716 1824 781 in
1873 715 2296 780 Romanorum
2370 732 2617 799 quoque

374 825 714 910 tragoediis
761 825 888 890 late
935 825 1214 908 patuisse
1259 823 1566 889 videmus.

557 951 742 1015 Nunc
787 951 1117 1015 redeamus
1165 951 1247 1013 ad
1294 949 1522 1033 epicos,

557 1074 690 1167 Iam
738 1094 882 1139 vero
931 1075 1006 1138 ad
1045 1073 1606 1139 Alexandrinorum
1659 1075 1987 1155 poetarum
2029 1074 2311 1155 tempora
2361 1071 2615 1136 deveni-

376 1202 539 1263 mus,
567 1182 798 1265 quibus
833 1182 1045 1246 studia
1076 1180 1395 1260 historica,
1428 1178 1881 1263 philosophica,
1917 1178 2314 1261 geometrica,
2347 1178 2617 1261 philolo-

385 1292 525 1375 gica
570 1289 878 1374 poematis
927 1288 1440 1372 carminibusque
1497 1287 1693 1371 epicis
1742 1286 2285 1367 anteferebantur3
2358 1287 2425 1351 in
2494 1304 2619 1351 uno

381 1398 656 1462 carmine
681 1396 854 1479 epico
883 1378 1498 1479 Apollonnnh'odn
1534 1394 1699 1477 quod
1727 1391 2618 1477 inscribitur„Argonautica”

374 1505 725 1568 animarum
761 1522 1089 1567 ascensum
1114 1500 1417 1566 habemus
1444 1500 1534 1583 (II
1562 1503 1685 1565 911
1726 1503 1913 1584 sqq).
1988 1501 2386 1584 Argonautae
2418 1500 2617 1564 Thra-

376 1610 508 1674 ciae
539 1605 728 1675 litora
759 1608 1195 1673 ascendentem
1249 1628 1436 1692 supra
1467 1608 1789 1672 tumulum
1839 1606 2229 1688 Sthenelum,
2281 1607 2489 1691 qualis
2538 1608 2614 1671 ad

377 1717 622 1782 bellum
649 1717 960 1801 profectus
987 1717 1103 1797 est,
1133 1716 1323 1779 armis
1351 1714 1767 1797 fulgentibUS,
1804 1714 2315 1797 indutum-galea
2340 1715 2617 1797 cristata,

377 1823 614 1904 vident,
665 1843 850 1906 quem
883 1822 1258 1905 Proserpina
1305 1823 1502 1904 misit,
1550 1823 1627 1886 ut
1673 1823 2069 1903 Argonautas
2118 1822 2454 1905 aspiceret;
2503 1821 2615 1887 ille

381 1930 540 1993 nihil
591 1930 804 1995 dicens
851 1930 1186 1994 evanescit.
1283 1928 1727 2013 obstupefacti
1773 1929 2177 2012 Argonautae
2240 1929 2616 2011 sacrificant,

383 2037 585 2101 libant
632 2036 942 2120 bovesque
989 2038 1367 2101 comburunt
1429 2042 1491 2100 et
1539 2036 1829 2120 Orpheus
1878 2035 2163 2119 Apollini
2236 2036 2439 2119 lyram
2511 2036 2617 2100 de-

248 2198 257 2206 .
379 2144 566 2225 dicat,
618 2161 740 2226 quo
789 2163 858 2208 ex
903 2147 1182 2227 tempore
1230 2141 1396 2226 Λύρη
1460 2143 1594 2207 loco
1666 2164 1889 2208 nomen
1968 2145 2081 2208 est.
2198 2144 2391 2209 Poeta
2457 2142 2624 2207 hanc

380 2252 619 2315 larvam
670 2251 746 2315 de
791 2268 978 2314 causa
1027 2250 1383 2314 adventicia
1430 2251 1705 2333 quadam
1753 2249 2118 2330 introduxit,
2170 2268 2319 2314 nam
2366 2250 2626 2333 apparet

381 2359 606 2421 umbra
638 2359 717 2422 ab
750 2359 1095 2422 inferorum
1129 2358 1265 2437 dea,
1301 2357 1697 2441 Proserpina,
1741 2358 1956 2421 missa.
2020 2358 2224 2437 Quam
2258 2358 2336 2421 ob
2370 2374 2625 2421 causam

383 2463 718 2529 Sthenelus
767 2463 1084 2545 ascendat,
1157 2464 1323 2548 quod
1385 2464 1723 2529 consilium
1794 2465 1976 2547 poeta
2048 2463 2362 2541 habuerit,
2436 2482 2622 2547 quem

385 2572 590 2636 locum
641 2573 705 2634 in
757 2570 1054 2636 carminis
1105 2570 1552 2653 compositione
1600 2574 1920 2653 spectrum
1954 2572 2231 2654 occupet,
2283 2571 2339 2635 si
2372 2571 2621 2654 quaeri-

382 2682 506 2759 tur,
553 2678 928 2744 Sthenelum
976 2680 1228 2761 propter
1276 2678 1365 2742 rei
1413 2680 1787 2762 gravitatem
1839 2698 1873 2743 e
1907 2677 2154 2741 tumulo
2188 2679 2623 2742 escendentem

354 2850 358 2855 .
385 2786 606 2850 fecisse
640 2785 846 2867 atque,
894 2804 1082 2866 quam
1114 2787 1508 2868 praeclarum
1545 2785 1708 2849 illud
1744 2786 2254 2867 Argonautarum
2287 2784 2409 2849 iter
2440 2786 2625 2863 esset,

388 2893 812 2957 demonstrare
859 2894 1132 2957 voluisse
1179 2902 1425 2976 poetam
1477 2896 1756 2975 apparet,
1808 2894 1973 2975 quod
2023 2892 2311 2956 Valerius
2361 2892 2625 2957 Flaccus

387 3000 467 3077 (V
495 2995 599 3064 '82
635 2999 854 3083 sqq.)2)
904 3000 1307 3082 Apollonium
1354 2999 1643 3063 imitatus
1692 3000 1889 3065 docet.
1980 2998 2120 3077 Qua
2151 3018 2293 3064 vero
2329 2998 2405 3064 de
2436 3016 2625 3063 causa

384 3109 565 3188 poeta
616 3106 778 3171 hanc
823 3108 1113 3171 umbram
1163 3105 1543 3188 adhibuerit,
1599 3105 1754 3172 haec
1800 3126 1897 3171 res
1944 3105 2102 3170 mihi
2151 3105 2475 3171 ostendere
2520 3103 2617 3169 vi-

393 3214 622 3289 detur:
701 3214 940 3279 scholia
1016 3214 1319 3279 adnotant
1397 3214 1471 3278 ad
1555 3213 1723 3278 hunc
1801 3212 2009 3278 locum
2106 3212 2268 3277 hanc
2344 3210 2626 3277 Stheneli

371 3300 730 3387 [historiam
776 3322 1021 3403 poetam
1052 3319 1338 3385 hausisse
1370 3340 1470 3385 ex.
1500 3370 1514 3385 .
1544 3370 1558 3385 .
1603 3321 1872 3403 (reliqua
1904 3320 2154 3403 desunt)
2207 3323 2266 3385 et
2320 3320 2624 3403 pergunt:

405 3423 531 3489 ἔστι
602 3428 698 3489 καὶ
764 3425 948 3514 παρὰ]
1021 3424 1382 3511 Προμαθίδᾳ.
1475 3427 1546 3491 τὰ
1617 3428 1683 3491 δὲ
1777 3429 1903 3511 περὶ
1968 3432 2068 3503 too
2139 3427 2386 3491 εἰδώλου
2456 3425 2631 3494 αὐτὸς

383 3530 645 3595 ἔπλασεν.
745 3532 938 3597 Poeta
1005 3534 1122 3599 hoc
1194 3538 1438 3618 spectro
1484 3554 1639 3600 usus
1686 3538 1801 3615 est,
1849 3536 1924 3599 ut
1970 3534 2319 3600 doctrinam
2366 3552 2514 3617 prae
2562 3552 2628 3598 se

383 3639 594 3720 ferret,
647 3658 792 3703 nam
840 3640 1111 3704 libenter
1157 3641 1351 3706 ritum
1402 3644 1715 3725 quendam
1764 3642 1867 3707 vel
1914 3641 2185 3707 alicuius
2232 3640 2357 3705 loci
2395 3659 2624 3707 nomen

384 3748 447 3811 et
524 3748 1003 3811 monumentum
1075 3749 1328 3832 exponit
1395 3751 1721 3833 poctarum
1804 3749 2366 3814 Alexandrinorum
2434 3766 2624 3814 more.

572 4103 614 4171 ¹)
654 4103 734 4157 De
793 4102 856 4169 Q.
895 4102 1066 4158 Tullii
1104 4104 1382 4161 Ciceronis
1436 4105 1693 4176 Erigone,
1756 4113 1941 4161 utrum
1995 4107 2160 4161 Icarii
2219 4108 2412 4162 umbra
2473 4107 2623 4161 filiae

385 4199 618 4248 mortem
656 4192 984 4249 indicauerit
1019 4210 1208 4262 necne,
1263 4194 1402 4249 nihil
1441 4199 1680 4261 constat3
1739 4200 1922 4250 tamen
1956 4195 2141 4251 larvas
2178 4197 2454 4252 scaenicas
2492 4212 2616 4251 con-

387 4281 718 4352 templantes
755 4284 930 4351 patris
965 4286 1242 4351 spectrum
1281 4284 1502 4339 caedem
1525 4284 1797 4339 detexisse
1829 4285 1974 4340 mis
1998 4289 2209 4341 certum
2248 4285 2512 4341 habemus
2536 4286 2594 4340 cf
2610 4323 2625 4336 .

371 4370 732 4426 Ribbeckium
769 4370 806 4426 l.
844 4370 880 4425 1.
919 4388 976 4441 p.
1012 4371 1116 4425 621
1165 4380 1224 4426 et
1279 4372 1454 4429 Noun.
1494 4372 1696 4427 XLVII
1759 4374 1857 4427 148
1900 4390 2018 4444 sqq.

551 4476 596 4547 ¹)
633 4476 774 4534 Vide
815 4477 962 4533 infra
997 4494 1053 4549 p.
1090 4478 1156 4531 5¹2
1185 4493 1307 4549 sqq.
