3242 5059
1518 374 1957 449 —747-

622 570 823 655 poetis
877 570 1091 637 hausit
1111 569 1185 653 1);
1257 573 1501 655 praeter
1568 590 1693 653 eas,
1766 590 1920 655 quas
1997 570 2180 635 modo
2247 571 2677 651 tractavimus,
2743 571 2860 637 1133

621 678 1010 745 invenimus:
1125 697 1340 743 versus
1424 679 1547 744 123
1664 680 1853 743 verba
1965 689 2069 742 est
2157 678 2368 743 locus
2457 690 2864 743 extremum

633 835 649 849 .
678 834 693 849 .
722 834 739 850 .
784 784 1015 853 eadem,
1071 786 1238 860 suut,
1312 804 1471 867 quae
1540 785 1705 868 apud
1758 783 2055 850 Ovidium
2121 784 2302 865 (Met.
2351 784 2505 850 VIII
2555 786 2708 865 788)
2753 795 2862 849 est

621 892 830 957 locus
874 893 1233 957 extremis
1278 891 1363 955 in
1409 894 1603 970 oris-3
1654 893 1843 957 verba
1889 910 2180 957 versuum
2236 894 2358 957 124
2399 911 2490 977 sq.

1959 1019 2080 1083 quo
2124 998 2330 1082 fertur
2383 998 2594 1065 Uliam

819 1110 1197 1193 sanquine
1240 1106 1497 1171 libato
1532 1106 1907 1191 populum
1949 1108 2206 1169 movisse
2246 1106 2592 1171 silentem

623 1216 1004 1300 respondent
1057 1214 1191 1279 illis
1248 1215 1415 1298 apud
1464 1212 1790 1280 Valerium
1837 1213 2131 1281 Flaccum
2188 1212 2244 1295 (I
2294 1215 2446 1295 740)
2490 1212 2557 1277 in
2607 1211 2860 1278 Crethei

619 1321 996 1402 evocatione,
1076 1321 1185 1386 ubi
1254 1319 1626 1404 sanguine
1687 1320 1930 1386 libato
1975 1319 2365 1386 vaticinatur
2420 1318 2745 1401 Cretheus,
2793 1320 2862 1384 et

622 1428 787 1512 apud
821 1427 1217 1512 Vergilium,-
1248 1428 1359 1512 qui
1412 1429 1597 1509 (Aen.
1634 1427 1720 1492 VI
1769 1428 1924 1512 264)
1978 1429 2054 1493 de
2085 1428 2392 1493 umbris
2439 1426 2856 1494 silentibus

617 1535 913 1617 loquitur.
1008 1532 1101 1599 De
1148 1534 1415 1599 stridore
1448 1534 1805 1599 animarum
1835 1534 1978 1599 vide
2012 1552 2199 1617 supra
2246 1556 2306 1619 p.
2343 1535 2384 1600 3
2417 1536 2548 1601 not.
2586 1537 2640 1601 1.
2734 1534 2856 1600 Illo

540 1646 547 1654 '
616 1643 775 1723 loco,
843 1642 916 1707 ut
986 1641 1075 1707 ait
1121 1639 1529 1720 ClaudianuS,
1585 1640 1878 1724 flebilis
1921 1641 2258 1705 auditur
2301 1652 2620 1725 questus,
2682 1642 2857 1707 velut

618 1748 1053 1833 inf-Polydori
1123 1747 1371 1819 tumulo
1439 1747 1974 1813 lacrimabilis
2038 1750 2374 1834 qemitus
2440 1751 2594 1811 imo
2639 1749 2850 1834 (Verg.

617 1856 773 1920 Aen.
821 1854 919 1921 III
966 1855 1097 1936 39),
1146 1858 1207 1919 et
1267 1856 1573 1940 ayricolae
1618 1856 1823 1919 vident
1867 1856 2304 1921 simulacra
2337 1856 2690 1939 pallida
2731 1856 2852 1920 de-

613 1961 1125 2046 functasque
1169 1965 1445 2048 miyrare
1486 1963 1842 2047 fiqurae,
1902 1966 1974 2029 ut
2019 1962 2350 2029 Lucretius
2397 1962 2511 2043 (IV
2558 1961 2643 2026 34
2693 1965 2850 2047 sq.):

614 2088 779 2131 eum
823 2067 1037 2151 inquit
1080 2090 1257 2154 saepe
1307 2069 2006 2155 siqurasconmimus
2033 2072 2230 2133 miras
2273 2070 2855 2155 simulacraque

615 2175 745 2238 luce
789 2186 1103 2239 carentum
1148 2178 1212 2241 et
1252 2176 1575 2261 Vergilius
1607 2180 1788 2259 (Aen.
1824 2176 2042 2258 1354)
2090 2176 2167 2241 de
2215 2176 2542 2260 pallido
2590 2170 2854 2261 Sychaei

609 2300 718 2347 ore
763 2280 1065 2367 loquitur.
1112 2283 1310 2349 Voces
1350 2283 1660 2349 eiusmodi
1705 2283 2076 2366 tumpoetis
2107 2302 2472 2350 communes
2518 2284 2716 2349 eraut.

792 2389 1097 2474 Rufinus,¹
1151 2410 1294 2456 cum
1364 2389 1779 2457 Stilichonem
1851 2391 2246 2474 imperatoris
2293 2392 2472 2456 1113311
2510 2390 2851 2457 exercitum

615 2498 827 2562 contra
874 2497 1080 2581 ipsum
1130 2499 1415 2563 coactum
1464 2497 1796 2581 reliquisse
1867 2498 2224 2564 nuntiatum
2275 2498 2378 2579 sit,
2446 2498 2652 2563 laetus
2699 2516 2848 2562 con-

613 2604 784 2670 vivia
827 2606 1007 2687 parat
1076 2605 1139 2669 et
1185 2605 1480 2690 superbia
1526 2606 1740 2696 atque·
1782 2608 1953 2671 certa
1997 2605 2294 2671 victoriae
2341 2624 2450 2689 spe
2495 2606 2846 2671 commotus

613 2712 811 2776 terras
863 2713 925 2777 et
950 2712 1138 2777 urbes
1172 2712 1451 2778 nondum
1477 2716 1692 2796 captas
1727 2711 2056 2777 distribuit:
2101 2712 2194 2793 (in
2225 2712 2372 2779 Rus.
2403 2712 2468 2779 11
2501 2712 2624 2777 324
2663 2715 2850 2797 sqq.);

613 2819 803 2885 noctu
848 2820 1062 2884 tamen
1124 2818 1394 2884 sollicito
1441 2820 1702 2884 umbrae
1749 2838 1984 2900 eorum,
2035 2838 2188 2902 quos
2237 2820 2581 2900 necaverat,
2655 2837 2854 2902 appa-

610 2926 774 3006 rent,
820 2944 853 2991 e
902 2925 1131 3009 quibus
1163 2945 1289 2991 una
1337 2945 1479 2991 eum
1512 2926 1685 2991 omni
1724 2925 1908 3010 plebe
1955 2926 2244 2991 altiorem
2271 2925 2622 2991 rediturum
2667 2925 2854 3009 vulgi

611 3033 905 3098 manibus
974 3034 1293 3117 portatum
1364 3033 1447 3098 iri
1525 3034 1926 3105 vaticinatur.
2043 3030 2179 3111 Quo
2235 3033 2534 3115 ambiguo
2601 3032 2854 3098 oraculo

612 3138 878 3207 Rufinus
928 3139 1223 3223 deceptus
1270 3140 1481 3205 omnia
1528 3140 1686 3204 bene
1717 3142 2015 3205 eventura
2061 3158 2194 3205 esse
2250 3141 2480 3224 sperat,
2551 3141 2659 3204 sed
2707 3138 2851 3204 viu-

610 3246 796 3329 citur,
874 3265 1100 3338 corpus
1177 3247 1312 3313 eius
1385 3246 1782 3330 dilaceratur,
1856 3248 2042 3330 eaput
2087 3248 2155 3311 in
2202 3248 2460 3330 cuspide
2506 3235 2860 3330 praefixum'

612 3371 799 3438 super
866 3353 1085 3437 populi
1130 3354 1367 3437 ¹capita
1440 3356 1745 3439 portatur.
1863 3354 2096 3437 Magna
2151 3338 2317 3419 011111ι
2343 3354 2622 3418 sollertia
2665 3354 2854 3435 poeta

610 3460 725 3525 hoc
771 3461 905 3525 loco
938 3460 1169 3544 gaudio
1214 3460 1431 3526 Rufini
1474 3461 1724 3526 tristem
1757 3460 1989 3526 exitum
2039 3460 2347 3544 opposuit.
2453 3458 2866 3528 Claudianus·

610 3587 753 3634 cum
823 3586 894 3633 ex
957 3566 1241 3653 Vergilio
1311 3567 1581 3652 aliisque
1650 3568 1864 3633 11311311
1927 3568 2273 3633 1001111011οε
2323 3568 2656 3632 nonnullas
2703 3571 2868 3632 tum-

610 3672 838 3740 Silium
903 3674 970 3738 iu
1039 3675 1158 3740 hoc
1232 3692 1494 3741 ascensu
1540 3674 1966 3759 componendo
2024 3676 2170 3739 ante
2217 3674 2429 3740 oculos
2476 3673 2721 3755 babuit,
2767 3676 2848 3737 111

858 3894 862 3899 “
930 3951 939 3963 .
984 3952 991 3962 .
1036 3952 1047 3965 .
1085 3906 1133 3960 οἳ
1170 3907 1348 3962 πολλοὶ
1382 3909 1495 3979 πιρὶ
1532 3908 1712 3979 βόθρον
1747 3907 1962 3980 ἐφοιιων
1999 3906 2214 3962 ἄλλοθεν
2253 3907 2404 3965 ἄλλος

924 3996 1156 4069 θεσπεσίῃ
1196 3998 1333 4071 ἰαχῇ·
1406 4002 1464 4053 et

856 4121 863 4129 ·
924 4086 1057 4141 ἀλλὰ
1092 4088 1203 4157 πρὶν
1238 4088 1317 4141 ἐπὶ
1353 4085 1480 4141 ἔθνε’
1518 4086 1739 4160 ἀγείρετο
1777 4086 1928 4158 μυρία
1962 4095 2151 4159 νεκρῶν

923 4176 1031 4250 ἠχῇ
1064 4174 1313 4249 &mdia-
1867 4228 1878 4239 „

662 4303 667 4306 -
795 4265 837 4334 ¹)
874 4266 1178 4321 Nonnullos
1214 4267 1381 4329 locos,
1420 4284 1563 4338 quos
1594 4268 1945 4336 comparandi
1971 4283 2136 4323 eausa
2172 4266 2353 4337 attuli,
2391 4267 2616 4337 collegit
2652 4266 2844 4327 Gram-

607 4353 880 4410 levizoius
916 4356 999 4423 (in
1039 4354 1229 4411 Claud.
1293 4355 1426 4411 edit.
1464 4354 1640 4427 Ieepii
1676 4354 1732 4409 11
1769 4373 1818 4427 p.
1861 4358 1927 4412 76
1966 4359 2110 4427 sqq>
2163 4361 2220 4411 et
2257 4357 2470 4413 Bittius
2506 4358 2562 4411 in
2599 4355 2846 4414 editione

606 4441 913 4502 claudiani.

481 4913 851 5019 A.
