3242 5059
1599 400 2041 473 -48-.

1016 596 1222 681 fissus,
1262 620 1336 663 ac
1379 598 1645 662 deiectam
1688 608 1743 661 et
1786 598 1933 677 fletu
1975 599 2189 683 qravis

792 775 799 789 ,Ι
963 681 968 686 ¹
1019 705 1364 790 similisque
1405 716 1637 769 maesto
1659 706 1703 789 ¹)
1750 674 2047 790 sqiuslida
2094 706 2367 771 obtentus
2410 724 2581 767 coma

699 811 782 893 et,
854 812 928 875 ut
973 820 1220 877 somnos
1270 811 1590 895 dispellat,
1662 812 2228 896 Astyanactemque
2275 811 2483 877 filium
2532 831 2603 877 ex
2662 811 2944 895 periculo

703 918 924 983 mortis
972 918 1366 1003 imminentis
1415 918 1665 1003 eripiat,
1738 919 2049 985 admonet.
2144 919 2267 984 Illa
2315 918 2523 1003 gelido
2571 919 2821 985 horrore
2872 940 2945 985 ac

697 1025 966 1089 tremore
998 1024 1260 1090 excitata
1295 1026 1587 1090 omnibus
1623 1026 1776 1090 locis
1815 1025 2143 1091 Hectorem
2180 1027 2377 1091 oculis
2412 1028 2677 1110 quaerit,
2725 1029 2941 1093 tamen

1014 1125 1222 1216 fallax
1256 1153 1376 1217 per
1423 1135 1586 1215 ipsos
1633 1132 1856 1196 umbra
1903 1134 2250 1217 complemus
2296 1133 2441 1199 abit.

881 1241 1054 1305 Haec
1086 1241 1262 1306 larva
1294 1240 1600 1319 actionem
1637 1241 1954 1314 retardare
1987 1241 2268 1323 conatur,
2322 1254 2465 1306 nam
2501 1241 2943 1309 Andromacha

700 1347 835 1413 eius
907 1346 1189 1431 impulsu
1260 1338 1703 1432 Astyanacteui
1778 1347 1958 1413 abdit
2026 1344 2266 1413 mortis
2316 1349 2449 1413 eius
2528 1348 2944 1415 retardandae

699 1473 888 1521 causa
933 1455 997 1520 in
1045 1451 1335 1520 Hectoris
1381 1456 1724 1521 tumulum.
1818 1455 1889 1520 In
1939 1456 2057 1522 hac
2104 1455 2333 1521 somnii
2385 1457 2591 1540 specie
2639 1450 2941 1522 Senecam

700 1564 990 1629 accurate
1052 1562 1340 1627 Hectoris
1411 1564 1580 1646 apud
1649 1561 2005 1647 Vergilium
2077 1564 2165 1647 (II
2214 1565 2341 1630 268
2375 1567 2542 1650 sqq.)
2612 1584 2946 1629 ascensum

699 1669 1023 1735 imitatum
1047 1682 1204 1735 'esse
1251 1670 1699 1754 Rommeuyius
1727 1670 1773 1752 ²)
1820 1670 2212 1735 monstravit.

880 1776 1176 1842 Octaviae
1223 1776 1575 1842 Britannici
1647 1775 1849 1841 tristis
1908 1778 2153 1858 umbra,
2226 1779 2297 1842 ut
2367 1779 2503 1861 ipsa
2554 1781 2804 1861 -narrat,
2883 1779 2949 1844 in

707 1883 970 1949 somniis
1018 1884 1278 1967 apparet
1346 1881 1590 1965 (Octav.
1643 1906 1699 1948 v.
1761 1888 1881 1949 115
1919 1884 2091 1970 sqq.)
2160 1881 2344 1950 inodo
2413 1885 2657 1951 facibus
2728 1884 2949 1967 atris⁸)

703 1993 943 2057 armata
989 1991 1198 2056 oculos
1249 1993 1310 2056 et
1357 2009 1464 2055 ora
1511 1991 1724 2056 fratris
1774 1991 2005 2057 infesta
2074 1992 2236 2075 petit
2309 1993 2493 2058 modo
2541 1994 2604 2057 in
2650 1992 2952 2059 Octaviae

703 2098 1014 2163 thalamos
1046 2098 1294 2182 trepida
1328 2098 1584 2183 refugit,
1636 2117 1672 2163 a
1703 2097 1966 2186 Nerone,
2018 2100 2131 2181 qui
2162 2098 2561 2182 persequitur
2593 2119 2748 2181 eam,
2798 2118 2951 2164 ense

706 2206 983 2269 necatur.
1078 2205 1255 2269 Tunc
1303 2205 1536 2269 tremor
1604 2206 1795 2287 atque·
1842 2205 2065 2289 ingens
2138 2206 2333 2270 terror
2390 2206 2627 2271 excutit
2696 2225 2947 2271 somnos

705 2313 1086 2403 renovatque
1133 2311 1378 2376 luctum
1428 2313 1491 2376 et
1535 2313 1780 2377 metum
1828 2311 2056 2377 sororis
2105 2312 2388 2378 miserae.
2486 2310 2662 2391 Quae
2709 2312 2951 2395 species

702 2438 874 2484 more
920 2420 1157 2489 usitato
1202 2418 1546 2501 composita
1595 2419 1711 2483 est.

882 2527 1168 2609 Poppaea
1215 2526 1449 2591 nutrici
1497 2524 1715 2591 Octav.
1767 2529 1847 2605 (v.
1879 2526 2005 2591 718
2039 2528 2203 2610 sqq.)
2235 2527 2549 2591 somnium
2598 2528 2830 2601 narrat,
2883 2528 2949 2592 in

703 2652 826 2717 quo
899 2633 1198 2707 maestam
1273 2633 1546 2696 matrum
1620 2631 1989 2697 Latinarum
2047 2633 2299 2697 turbam
2378 2632 2670 2698 resolutis
2753 2634 2951 2698 comis

585 2736 588 2739 ’
704 2730 1282 2823 lamentantemque
1330 2741 1519 2821 atque
1566 2737 1985 2822 Agrippinam
2037 2738 2269 2804 minaci
2326 2739 2505 2804 vultu
2576 2738 2740 2804 faces
2790 2738 2949 2822 qua-

703 2847 965 2912 tientem
1043 2845 1221 2909 vidit.
1321 2844 1739 2929 Agrippinam
1814 2845 2097 2929 sequitur
2172 2845 2458 2930 Poppaea
2513 2850 2575 2912 et
2644 2866 2756 2931 per
2824 2846 2947 2911 tel-

702 2953 904 3020 lurem
955 2953 1239 3017 hiantem
1286 2953 1362 3017 ad
1427 2951 1657 3017 inferos
1707 2952 2125 3039 praecipitat3
2198 2951 2581 3036 Crispinum,
2650 2954 2761 3037 qui
2809 2974 2947 3019 eam

705 3061 976 3126 osculari
1056 3060 1217 3141 vult,
1292 3060 1355 3124 et
1399 3058 1711 3123 Neronem
1787 3059 2080 3143 iugulum
2154 3078 2299 3125 ense
2349 3059 2800 3143 perfodientem
2848 3079 2951 3125 as-

706 3169 899 3254 picit:
949 3160 1278 3252 perterriia
1304 3166 1757 3248 expergiscitur
1782 3167 1843 3230 et
1872 3164 2288 3247 ‚sacrificat⁴).
2383 3164 2561 3245 Quod
2611 3167 2949 3247 somnium,

888 3398 931 3469 ι)
967 3408 1172 3454 nostro:
1211 3398 1337 3454 Le0.

883 3488 927 3556 ¹)
969 3488 1079 3543 De'
1108 3492 1334 3543 auctore
1394 3488 1801 3558 tragoediarum
1842 3487 2077 3543 Senecae
2113 3486 2344 3557 Vergilii
2382 3486 2709 3554 imitatore‚·
2742 3485 2947 3542 Leidae

711 3577 843 3633 1887
883 3594 938 3647 p.
986 3578 1065 3632 11.

886 3666 932 3735 ⁸)
970 3666 1182 3734 Quibus
1210 3666 1457 3721 umbram
1481 3666 1702 3721 Furiam
1731 3683 1849 3722 esse
1890 3664 2236 3735 significatur
2261 3682 2368 3723 non
2406 3663 2568 3720 aliter
2593 3670 2759 3735 atque
2797 3664 2944 3735 apud

706 3755 1016 3827 Vergilium
1056 3755 1216 3824 (Aen.
1254 3756 1331 3813 IV
1369 3757 1497 3822 472)
1537 3754 1782 3809 Orestem
1824 3761 2246 3825 matrem-suam
2295 3754 2510 3809 facibus
2549 3759 2814 3827 armatam
2875 3753 2950 3808 vi-

716 3845 862 3900 disse
901 3845 1168 3915 seriptum
1206 3850 1291 3899 est
1329 3854 1385 3899 et
1414 3844 1749 3914 Agrippinae
1793 3843 2106 3897 montellum
2144 3842 2359 3897 facibus
2396 3847 2666 3897 armatum
2702 3830 2949 3896 ascendit

719 3933 931 4001 (Octav.
973 3951 1023 3988 v.
1062 3934 1167 3989 598
1193 3950 1311 4003 sqq.
1352 3939 1409 3987 et
1445 3932 1550 3985 718
1577 3935 1740 4002 sqq).
1814 3931 1897 3985 De
1935 3931 2038 3986 hac
2089 3931 2481 4003 superstitione
2519 3930 2645 3985 vide
2676 3929 2951 3985 Rohdium

705 4022 938 4092 (Psyche
975 4020 1029 4074 1⁴
1067 4022 1210 4089 270).

884 4111 932 4178 ⁴)
973 4107 1286 4165 Staehlinus
1323 4108 1360 4164 1.
1398 4109 1440 4164 l.
1482 4126 1534 4177 p.
1563 4109 1661 4162 170
1700 4107 1772 4163 ad
1814 4108 1919 4165 hoc
1935 4109 2191 4180 Poppaea
2231 4108 2559 4163 sacrificium
2586 4106 2757 4162 adicit
2793 4106 2945 4161 haec:

713 4199 857 4267 „Der
893 4202 1209 4269 stereotype
1262 4195 1526 4265 Versuch,
1583 4197 1673 4251 die
1735 4196 2024 4266 Erfulnung
2083 4215 2184 4252 von
2246 4197 2733 4253 Schrecktraumen
2789 4194 2949 4250 absu-

711 4286 944 4353 wehren,
1001 4284 1142 4341 auch
1208 4285 1386 4340 dieser
1439 4285 1556 4355 Zug
1624 4285 1915 4341 zweii'ellos
1972 4302 2069 4340 aus
2126 4286 2223 4340 der
2260 4285 2479 4351 Elektra
2520 4284 2615 4339 des
2654 4283 2951 4355 Sophocles

716 4376 1156 4433 ubernommeffl.
1231 4373 1351 4429 Hoc
1387 4391 1497 4430 non
1534 4374 1727 4445 probo,
1800 4390 1924 4428 nam
1980 4373 2155 4428 multa
2192 4374 2453 4444 exempla,
2503 4376 2566 4429 ut
2602 4373 2822 4442 saepius
2859 4370 2951 4426 de·

719 4452 1156 4530 monstraviums,
1219 4462 1452 4533 primum
1515 4462 1783 4518 Achillem
1847 4462 1901 4516 in
1942 4458 2009 4531 Ψ,
2070 4479 2163 4516 eos
2225 4462 2425 4532 quibus
2480 4460 2829 4517 simulacrum
2866 4458 2951 4513 vel
