3242 5059
1612 400 2055 465 ——44—

718 590 950 655 Eadem
1023 590 1100 657 de
1185 592 1637 676 Clytaemestra
1686 596 1890 661 dicere
1939 602 2292 680 possumus.
2407 596 2629 683 Itaque
2702 599 2966 663 minime

695 690 1032 763 'Staehlini
1067 699 1435 782 opinionem
1489 720 1733 786 sequor,
1794 704 1903 787 qui
1954 701 2250 768 Octaviae
2308 706 2558 788 poetam
2607 704 2673 770 in
2725 704 2961 790 Agrip-

717 810 902 892 pinae
978 808 1313 875 simulacro
1361 810 1654 893 fingendo
1724 810 2040 876 neminem
2100 811 2309 875 -alium
2376 811 2503 877 nisi
2574 812 2963 897 Polydorum

721 917 866 981 ante
913 915 1124 981 oculos
1193 915 1488 981 habuisse
1535 917 1711 981 dicit.
1808 916 2062 984 Certum
2111 919 2421 985 iudicium
2476 921 2678 985 facere
2726 922 2802 985 de
2846 919 2971 985 hac

715 1024 1079 1106 quaestione
1126 1022 1387 1090 difficile
1433 1023 1592 1090 mihi
1641 1024 1942 1090 videtur.·
2004 1026 2312 1092 Accurata
2359 1026 2748 1112 Agrippinae
2793 1027 2968 1092 necis

718 1129 1054 1214 descriptio
1101 1150 1560 1215 supervacanea
1624 1133 1737 1213 est,
1810 1150 1955 1197 nam
2012 1134 2195 1200 antea
2254 1134 2575 1200 nonnullis
2646 1133 2801 1200 locis
2872 1137 2960 1215 (v.

725 1239 848 1302 125
899 1256 1014 1323 sq.,
1089 1238 1199 1303 ubi
1249 1238 1424 1303 illius
1499 1239 1698 1303 fatum
1748 1240 2053 1323 tangitur,
2124 1262 2177 1307 v,
2230 1242 2359 1307 310
2408 1262 2568 1327 sqq.‚
2617 1241 2730 1307 ubi
2777 1240 2970 1325 plane

721 1345 1039 1426 narratur)
1083 1344 1164 1409 'de
1210 1346 1601 1430 Agrippinae
1652 1348 1848 1412 morte
1898 1348 2139 1414 dictum
2189 1351 2302 1414 est.
2382 1348 2503 1414 Leo
2528 1350 2572 1430 ¹)
2620 1349 2789 1414 hunc
2818 1368 2967 1413 um-

718 1452 868 1517 brae
937 1471 1281 1518 sermonem
1355 1453 1766 1518 intervallum
1839 1455 2004 1521 inter
2052 1454 2207 1520 duos
2268 1458 2445 1521 actus
2494 1475 2627 1522 esse
2673 1458 2855 1540 putat
2906 1457 2971 1521 et-

726 1558 902 1625 larva
981 1560 1226 1625 noctem
1297 1558 1643 1644 significari
1716 1564 1943 1628 censet.
2039 1563 2306 1627 Larvam
2349 1563 2560 1628 media
2604 1563 2670 1628 in
2720 1564 2966 1645 fabula,

721 1685 845 1731 non
891 1666 958 1730 in
992 1666 1176 1731 initio
1208 1666 1456 1751 prodire
1488 1670 1736 1751 praeter
1769 1670 1935 1734 hunc
1968 1669 2171 1735 locum
2209 1688 2537 1754 nunquam.
2577 1670 2965 1748 invenimus,

717 1774 792 1837 ut
838 1773 1130 1857 cognovit
1178 1774 1476 1839 Swoboda
1492 1774 1566 1859 ἵ).
1644 1820 1649 1824 -

783 1866 792 1877 ’
905 1877 1098 1958 Quasi
1142 1882 1433 1945 evocatus
1485 1892 1764 1948 -nam
1811 1882 2114 1948 Alcmena
2145 1884 2351 1952 neniis
2388 1883 2593 1949 fllium
2640 1884 2973 1949 advocavit

722 2024 803 2035 —
854 1987 1156 2054 Hercules
1185 1988 1410 2069 (Herc.
1447 1988 1583 2055 Oet.
1638 2010 1691 2054 v.
1750 1993 1918 2055 1940
1966 1983 2138 2076 sqq.)
2183 2010 2505 2075 apparens·
2552 1992 2819 2056 matrem
2892 1991 2973 2054 de

719 2098 919 2160 morte
967 2097 1270 2160 maestam
1320 2097 1678 2161 consolatur
1722 2096 1905 2181 eique
1950 2116 2016 2162 se
2062 2097 2127 2163 in
2176 2098 2422 2163 caelum
2463 2100 2782 2181 receptum
2830 2116 2973 2162 esse

723 2201 881 2269 dicit
928 2220 1190 2286 eamque
1238 2203 1316 2267 ab
1350 2202 1699 2287 Eurystheo
1744 2223 1973 2288 poenas
2024 2206 2347 2288 capturam
2380 2224 2515 2270 esse
2561 2204 2968 2269 vaticinatur.

720 2308 925 2373 Mater
973 2310 1257 2389 attonita,
1305 2313 1379 2374 ut
1426 2312 1747 2394 paulisper
1792 2312 2063 2393 maneat,
2112 2331 2149 2375 a
2194 2311 2325 2376 filio
2358 2312 2537 2395 petit,
2586 2310 2700 2377 ille
2748 2312 2972 2376 autem

722 2417 1056 2481 evanescit.
1151 2416 1390 2482 Chorus
1438 2417 1741 2483 virtutem
1808 2419 2174 2501 praedicans
2223 2418 2557 2484 Herculem
2627 2418 2907 2483 celebrat
2922 2416 2975 2500 ⁸)

721 2523 803 2602 et,
883 2526 955 2588 ut
1023 2523 1148 2588 sibi
1211 2524 1528 2607 propitius
1577 2526 1681 2604 sit,
1732 2528 1884 2590 orat.
1981 2524 2156 2605 Quae
2203 2526 2442 2609 species
2464 2526 2659 2591 finem
2709 2524 2973 2591 fabulae

722 2631 984 2695 afferens
1055 2630 1352 2695 similiter
1419 2631 1568 2696 fleta
1638 2634 1733 2697 est
1789 2636 1977 2717 atque
2024 2634 2192 2716 apud
2241 2633 2611 2717 Sophoclem
2659 2631 2971 2715 (Philoct.

722 2756 777 2803 v.
835 2739 1002 2803 1409
1052 2741 1214 2822 sqq.)
1262 2739 1325 2803 et
1372 2738 1739 2823 Euripidem
1786 2740 2085 2805 Hercules
2132 2741 2321 2824 atque
2354 2740 2574 2807 Castor
2634 2742 2697 2812 et
2743 2739 2976 2804 Pollux

721 2845 795 2910 ut
842 2844 996 2909 deus
1045 2864 1116 2910 ex
1164 2845 1457 2943 machina
1502 2846 1889 2930 apparent⁴).

903 3134 945 3201 ι)
984 3134 1043 3189 L.
1080 3133 1117 3187 1.
1157 3150 1209 3203 p.
1247 3132 1333 3189 93.

908 3222 955 3291 ⁸)
994 3222 1216 3279 Uebers.
1255 3224 1309 3279 d.
1347 3222 1656 3293 Tragodien
1695 3224 1951 3279 Senekas.
2026 3224 2182 3278 Wien
2225 3223 2379 3290 1825,
2426 3222 2575 3278 1830.
2647 3221 2751 3290 ΙΙΙ,
2788 3220 2945 3297 356.-

900 3312 946 3380 ⁸)
983 3312 1169 3384 Aeque
1232 3329 1297 3367 ac
1332 3320 1461 3383 post
1514 3312 1682 3367 Darei
1721 3314 2032 3377 abscessum
2068 3311 2288 3381 (Aesch.
2329 3311 2476 3368 Pers.
2512 3310 2619 3366 852
2658 3312 2827 3382 sqq.);
2896 3312 2973 3370 cf.

727 3418 896 3472 supra
932 3418 986 3472 p.
1023 3400 1110 3457 37.
1790 3440 1796 3446 .

908 3490 956 3560 ⁴)
995 3490 1260 3548 Hercules
1298 3490 1488 3561 (Soph.
1525 3490 1671 3545 Phil.
1710 3509 1758 3546 v.
1823 3491 1957 3546 1409
1996 3494 2137 3562 sqq.)
2174 3495 2483 3560 postquam,
2523 3489 2646 3560 quis
2685 3492 2831 3543 esset
2867 3504 2969 3543 un-

726 3582 908 3652 deque
932 3581 1163 3648 veniret,
1201 3580 1356 3648 dixit,
1393 3568 1735 3637 Philoctetae
1774 3588 1830 3636 et
1867 3579 2227 3651 Neoptolemo
2275 3578 2505 3634 consilia
2543 3580 2640 3633 dat
2677 3583 2735 3633 et
2772 3594 2867 3633 eoa
2904 3583 2965 3632 et

733 3670 964 3740 gloriam
1003 3674 1062 3725 et
1097 3669 1312 3725 labores
1353 3668 1635 3742 subituros
1673 3686 1790 3724 esse
1829 3669 2115 3740 praedicit.
2190 3667 2386 3723 Castor
2424 3674 2479 3724 et
2520 3666 2713 3723 Pollux
2748 3667 2969 3737 (Eurip.

737 3759 859 3814 Hel.
896 3777 945 3814 v.
991 3758 1125 3813 1643
1151 3759 1294 3830 sqq.)
1320 3757 1780 3828 Theoclymenum
1809 3756 2018 3812 Helena
2042 3759 2244 3813 sororis
2272 3774 2403 3813 suae
2430 3757 2632 3813 auxilio
2659 3773 2691 3810 a
2718 3755 2969 3812 Menelao

743 3847 999 3904 abducta·
1043 3848 1303 3917 mitigant
1365 3846 1787 3918 admonentque,
1847 3865 1916 3902 ue
1962 3864 2201 3902 sororem
2240 3852 2415 3913 necet,
2471 3863 2598 3902 nam
2635 3847 2816 3903 omnia
2854 3846 2974 3903 fato

733 3944 961 4009 peracta
996 3953 1152 4005 esse3
1191 3949 1308 3993 tum
1347 3936 1612 3991 Helenam
1671 3943 1797 4006 post
1834 3940 2066 3991 mortem
2102 3936 2160 3991 in
2199 3936 2424 3991 dearum
2461 3952 2747 3993 numerum
2783 3952 2973 4005 recep-

735 4033 850 4083 tam
885 4033 1055 4099 atque
1092 4026 1330 4081 insulam
1388 4026 1607 4081 nomine
1665 4026 1783 4081 eius
1820 4024 2159 4097 appellatum
2196 4026 2284 4095 iri,
2340 4025 2650 4083 Menelaum
2687 4026 2746 4080 in
2779 4024 2973 4095 Elysio

735 4122 1080 4173 versaturum
1119 4133 1240 4171 esse
1276 4116 1660 4173 vaticinantes.
1726 4114 1797 4169 Iu
1835 4114 2055 4171 Electra
2091 4131 2308 4187 quoque
2345 4116 2418 4183 (v.
2462 4114 2599 4171 1238
2624 4114 2767 4186 sqq)
2807 4114 2967 4169 Dios-

736 4206 851 4263 curi
915 4206 1184 4274 Orestem,
1241 4211 1304 4261 ut
1357 4189 1636 4262 Electram
1690 4204 1886 4276 Pyladi
1942 4205 1999 4260 in
2052 4205 2460 4261 matrimonium
2516 4204 2613 4259 det
2649 4208 2815 4276 atque
2851 4203 2972 4274 ipse

738 4295 983 4352 Athenas
1043 4296 1226 4366 fngiat
1290 4301 1345 4351 et
1400 4294 1641 4351 Palladis
1698 4299 1937 4350 statuam
1975 4294 2311 4366 amplectens
2349 4294 2507 4350 deam
2543 4293 2817 4366 imploret,
2872 4290 2970 4347 ad·

727 4386 1053 4456 hortantur3
1092 4402 1213 4441 eum
1241 4383 1554 4439 absolutum
1597 4385 1743 4455 apud
1783 4383 2050 4455 Alpheum
2094 4384 2476 4440 habitaturum
2517 4400 2650 4450 esse,
2710 4380 2972 4452 Aegisthi

730 4491 926 4547 corpus
954 4475 1325 4547 Mycenenses,
1365 4474 1797 4547 Clytaemestrae
1816 4473 2125 4529 Menelaum
2146 4471 2459 4545 sepulturus
2482 4489 2599 4529 esae
2626 4470 2968 4545 praedicunt.
