3242 5059
1199 402 1636 471 ...31-

295 601 520 693 deinde
569 620 814 667 versus:

500 713 570 771 in
615 712 848 771 somnis
893 730 1017 773 ecce
1063 721 1202 772 ante
1249 710 1449 771 oculos
1495 712 1941 773 maestissimus
1998 709 2215 772 Hector

296 835 407 898 par
457 818 554 881 est
599 816 858 880 Homeri
909 817 1116 890 versui
1161 817 1328 897 (65);

807 938 956 1023 ἦλθε
1005 941 1060 1004 δ’
1063 940 1153 1003 ἐπὶ
1197 941 1361 1025 ψυχὴ
1411 938 1786 1025 Πατροκλῆος
1830 941 2080 1018 δειλοῖο;

292 1066 502 1148 pergit
550 1068 731 1147 poeta
777 1066 984 1130 verbis
1032 1066 1215 1149 (Aen.
1252 1067 1314 1130 II
1364 1068 1545 1147 271):

500 1193 670 1252 visus
717 1191 922 1253 adesse
967 1190 1124 1253 mihi
1169 1192 1492 1277 larqosqzce
1539 1190 1853 1274 effunde-re
1896 1192 2089 1269 fletae,

293 1320 363 1378 ut
439 1316 606 1399 apud
679 1316 1020 1381 Homerum
1094 1316 1364 1380 Patrocli
1439 1317 1615 1380 larva
1682 1315 1915 1397 γοόωσά
1983 1340 2046 1378 τε
2114 1314 2404 1400 μυρομένη
2471 1340 2535 1379 τε

295 1423 531 1487 Achilli
609 1426 919 1507 apparuit.
1013 1423 1272 1488 Locutio
1345 1443 1556 1488 versus
1607 1426 1727 1487 271
1814 1424 2000 1503 (visus
2075 1424 2280 1486 adesse
2354 1423 2533 1505 mihi)

289 1550 357 1593 ex
406 1530 607 1594 Ennio
656 1531 842 1608 (Ann.
877 1532 908 1595 l
957 1530 1143 1613 frgm.
1180 1531 1244 1613 6)
1299 1534 1549 1614 sumpta
1605 1535 1700 1595 est
1727 1532 1797 1613 ¹).
1892 1530 2054 1594 Tum
2103 1533 2367 1614 utroque
2399 1533 2532 1595 loco
2586 1579 2595 1588 .

289 1637 563 1701 mostelli
633 1638 822 1702 facies
888 1638 1256 1721 depingitur
1325 1637 1410 1718 (Ψ
1459 1659 1514 1702 v.
1569 1639 1651 1702 66
1688 1658 1780 1722 sq.
1832 1640 1894 1702 et
1944 1640 2095 1703 Aen.
2146 1638 2209 1703 H
2278 1659 2335 1702 v.
2402 1636 2523 1703 271

289 1763 399 1828 sqq
427 1743 523 1825 )²).
619 1744 940 1829 Vergilius
973 1745 1232 1809 Homeri
1268 1764 1560 1809 ascensus
1610 1745 1874 1809 formam
1920 1748 2206 1809 accurate
2237 1744 2525 1821 imitatus

290 1854 404 1932 est,
454 1850 770 1933 copiosius
797 1854 1010 1917 tamen
1045 1852 1329 1936 singulas
1378 1855 1587 1935 partes
1638 1852 1901 1933 ornavit,
1952 1852 2097 1916 utut
2130 1852 2189 1915 ei
2218 1852 2531 1936 placebat,

195 2030 200 2037 ⁶
293 1958 664 2040 composuit,
721 1978 791 2022 ex
837 1958 1039 2023 Ennio
1089 1958 1333 2043 aliquot
1401 1959 1746 2024 locutiones
1818 1960 2048 2024 hausit..
2143 1958 2230 2023 Ut
2276 1978 2529 2024 evanes-

294 2065 532 2129 centem
605 2065 965 2129 Patroclum
1015 2064 1361 2149 alloquitur
1387 2064 1454 2147 ·'’)‚
1528 2066 1618 2129 ita
1689 2066 2127 2130 advenientem
2197 2058 2529 2130 Hectorem

287 2175 564 2248 Aeneas;
599 2173 880 2255 uterque,
915 2172 1082 2236 unde
1114 2173 1369 2235 veniant
1403 2158 1684 2251 umbrae,
1720 2174 1918 2254 rogat,
1960 2172 2282 2255 Vergilius
2317 2174 2527 2236 autem

285 2277 490 2360 aptius
562 2278 838 2343 Aeneam
910 2280 1186 2361 primum
1259 2281 1681 2362 quaerentem,
1754 2280 1920 2343 unde
1992 2280 2203 2343 veniat
2272 2279 2521 2361 Hector,

286 2374 436 2449 facit
485 2404 673 2468 quam
707 2386 1038 2463 HomeruS,
1093 2405 1236 2450 nam
1275 2405 1735 2469 supervacanea
1783 2386 2031 2450 videtur
2064 2406 2197 2451 esse
2246 2387 2527 2470 quaestio

283 2490 366 2570 (Ψ
414 2512 469 2556 v.
500 2495 651 2573 94):

666 2598 822 2662 τίπτε
871 2622 985 2682 μοι,
1034 2598 1206 2682 ἠθείη
1253 2602 1504 2686 κεφαλή,
1555 2600 1709 2685 δεῦρ’
1762 2600 2138 2685 εἰλήλουθᾳς;
2222 2614 2227 2621 ’

282 2722 429 2804 quia
478 2722 602 2787 iam
651 2725 837 2787 antea
884 2724 1213 2789 Patroclus
1261 2729 1568 2805 accurate,
1641 2727 1808 2789 unde
1881 2706 2175 2807 venisset,
2252 2726 2528 2791 narravit

282 2836 361 2908 (v.
419 2834 496 2893 71
535 2835 718 2913 sqq).
812 2831 1110 2895 Libenter
1157 2834 1376 2915 poetae
1439 2832 1740 2896 formulas
1791 2832 2101 2897 incitandi
2173 2834 2233 2897 et
2305 2852 2523 2896 somno

475 3043 516 3109 ¹)
553 3042 786 3097 Ennium
807 3043 970 3097 huius
991 3061 1245 3100 ascensus
1267 3045 1573 3115 exemplum
1595 3044 1909 3116 praebuisse
1934 3050 2099 3117 putat
2120 3025 2519 3116 Coningtonus,

279 3118 374 3202 qui
419 3131 583 3187 affert
607 3133 661 3185 in
685 3131 914 3201 Vergilii
955 3134 1086 3185 edit.
1125 3133 1194 3187 ad
1220 3133 1365 3187 hunc
1401 3134 1614 3188 locum:
1661 3135 1738 3200 „it
1774 3151 2005 3204 appears
2044 3142 2101 3190 to
2140 3136 2281 3191 from
2324 3132 2523 3190 Lucrez

273 3220 301 3273 Ι
380 3222 479 3273 125
518 3220 640 3275 that
683 3220 776 3274 the
813 3223 1127 3291 apparition
1167 3223 1228 3275 of
1263 3223 1464 3276 Homer
1521 3223 1657 3277 shed
1695 3230 1873 3277 tears:
1933 3223 2185 3278 lacrimas
2242 3223 2521 3279 effundere

279 3309 455 3364 salsas
517 3310 774 3381 coepisse.
851 3311 916 3363 In
954 3310 1096 3365 Hom
1148 3308 1198 3361 Ψ
1241 3312 1339 3365 105
1379 3311 1476 3366 the
1531 3316 1746 3381 spectro
1784 3311 1843 3365 of
1879 3312 2167 3368 Patroclus
2215 3313 2404 3368 stands
2444 3316 2517 3371 all

280 3398 444 3468 night
481 3398 555 3469 by
579 3400 674 3454 the
702 3400 873 3453 conch
899 3400 958 3453 of
983 3400 1222 3455 Achilles
1261 3402 1430 3469 γοῶσά
1465 3418 1518 3453 τε
1546 3404 1800 3473 μυρομένη
1838 3404 1940 3454 ‘esf‘
1996 3402 2115 3469 Qua
2145 3421 2205 3458 re
2224 3404 2521 3459 Homerum

283 3488 574 3557 utriusque
613 3488 821 3544 fontem
860 3488 1031 3543 fuisse
1071 3488 1492 3543 demonstratur.
1553 3519 1616 3529 —
1676 3491 1907 3545 Omnino
1966 3496 2023 3545 et
2077 3491 2303 3546 umbrae
2365 3494 2519 3559 etii,

281 3576 484 3647 quibus
523 3582 809 3646 apparent,
845 3577 994 3645 flere,
1038 3578 1347 3641 lamentari,
1385 3594 1627 3633 maerere
1665 3578 1862 3645 solent,
1901 3585 1963 3633 ut
2000 3581 2111 3635 iam
2149 3582 2293 3650 apud
2320 3582 2515 3648 Home7

280 3682 404 3719 rum
444 3666 503 3717 in
542 3663 572 3715 λ
611 3665 897 3735 permultis
936 3666 1070 3720 locis
1109 3668 1213 3733 (vv.
1241 3666 1327 3731 55,
1366 3667 1454 3733 59,
1491 3668 1579 3734 81,
1616 3666 1703 3729 87,
1752 3668 1864 3733 154,
1904 3668 2025 3734 212,
2062 3670 2185 3735 391,
2224 3670 2345 3736 895,
2384 3670 2509 3737 466,

279 3754 404 3819 472,
444 3755 573 3819 542)
613 3760 668 3809 et
705 3755 760 3806 in
801 3773 844 3804 ω
887 3756 957 3817 (v.
999 3755 1086 3823 21)
1127 3762 1183 3810 et
1219 3757 1362 3825 apud
1406 3756 1634 3811 Ennium
1694 3756 1908 3823 (Annal.
1948 3756 1977 3810 Ι
2012 3758 2173 3827 frgm.
2210 3761 2241 3811 4
2282 3758 2465 3829 [Lucr.
2492 3760 2520 3815 1

285 3842 410 3911 126]
450 3850 506 3897 et
543 3841 570 3894 1
606 3842 747 3911 frgm
804 3842 1085 3912 XXVIII).

467 3931 510 3998 ¹)
552 3930 635 3983 Ad
693 3948 904 3985 versum
963 3933 1065 3985 274
1121 3934 1170 3987 ei
1203 3934 1330 3986 milui
1365 3934 1535 4001 qualis
1571 3942 1689 3989 erat
1744 3920 1962 3989 Servius
2022 3935 2281 3991 adnotat:
2333 3937 2521 3995 Versus

269 4018 450 4083 Ennii,
515 4036 620 4089 quo
676 4019 884 4073 sactum
937 4025 1038 4089 est,
1095 4028 1158 4075 ut
1195 4021 1499 4089 Vergilium
1536 4023 1594 4075 in
1632 4023 1737 4077 hoc
1774 4039 2001 4079 ascensu
2038 4024 2199 4079 Ennii
2247 4027 2516 4081 somnium

281 4107 490 4162 imitari
565 4114 787 4177 putaret
843 4108 1221 4177 Coningtonus
1278 4109 1406 4166 1.1.
1463 4127 1517 4179 p.
1580 4112 1698 4178 118,
1773 4129 1911 4183 quae
1967 4113 2151 4182 opinio
2207 4112 2348 4168 falsa
2403 4123 2519 4202 θεὶς

285 4195 577 4251 Nordenus
615 4198 670 4251 in
710 4214 901 4251 comm.
943 4196 1014 4251 ad
1049 4196 1172 4251 libr.
1201 4198 1278 4253 VI
1315 4199 1538 4253 Aeneid.
1579 4217 1669 4269 pg.
1698 4200 1801 4253 3¹2
1841 4218 1960 4256 eam
1986 4201 2195 4256 refutat
2222 4206 2515 4274 utrumque

277 4290 498 4356 poetam
538 4288 682 4339 idem
719 4287 856 4355 γένος
895 4285 1162 4340 Graecum
1201 4287 1356 4357 sequi
1396 4289 1599 4348 dicens.

450 4374 497 4443 ⁸)
539 4375 766 4429 Locutio
812 4394 841 4431 ο
879 4378 970 4430 lux
1005 4377 1318 4431 Dardaniae
1379 4394 1442 4431 ex
1520 4377 1696 4432 Ennio
1760 4384 1981 4451 sumpta
2016 4386 2119 4447 est,
2182 4380 2247 4435 cf.
2272 4381 2511 4455 Conings,

277 4468 462 4517 tonum
502 4463 572 4516 ad
611 4457 824 4518 versum
863 4464 982 4517 281.
