<?xml version="1.0" encoding="UTF-8"?>
<!DOCTYPE html PUBLIC "-//W3C//DTD XHTML 1.0 Transitional//EN"
    "http://www.w3.org/TR/xhtml1/DTD/xhtml1-transitional.dtd">
<html xmlns="http://www.w3.org/1999/xhtml" xml:lang="en" lang="en">
 <head>
  <title>
</title>
<meta http-equiv="Content-Type" content="text/html;charset=utf-8" />
  <meta name='ocr-system' content='tesseract 3.04.00' />
  <meta name='ocr-capabilities' content='ocr_page ocr_carea ocr_par ocr_line ocrx_word'/>
</head>
<body>
  <div class='ocr_page' id='page_1' title='image "./deanimaruminpoe00mendgoog_0093.png"; bbox 0 0 3242 5059; ppageno 0'>
   <div class='ocr_carea' id='block_1_1' title="bbox 1248 410 1688 477">
    <p class='ocr_par' dir='ltr' id='par_1_1' title="bbox 1248 410 1688 477">
     <span class='ocr_line' id='line_1_1' title="bbox 1248 410 1688 477; baseline 0 -20"><span class='ocrx_word' id='word_1_1' title='bbox 1248 410 1688 477; x_wconf 74' lang='lat'>..35-</span> 
     </span>
    </p>
   </div>
   <div class='ocr_carea' id='block_1_2' title="bbox 344 602 2588 2309">
    <p class='ocr_par' dir='ltr' id='par_1_2' title="bbox 346 602 2304 783">
     <span class='ocr_line' id='line_1_2' title="bbox 528 602 2304 693; baseline -0.003 -22"><span class='ocrx_word' id='word_1_2' title='bbox 528 608 719 693; x_wconf 66' lang='grc' dir='ltr'>ψυχὴ</span> <span class='ocrx_word' id='word_1_3' title='bbox 764 605 818 673; x_wconf 87' lang='grc' dir='ltr'>δ’</span> <span class='ocrx_word' id='word_1_4' title='bbox 868 604 1135 691; x_wconf 77' lang='grc' dir='ltr'>Ἰκαρίοιο</span> <span class='ocrx_word' id='word_1_5' title='bbox 1180 605 1658 673; x_wconf 72' lang='grc' dir='ltr'><strong>πανείκελος</strong></span> <span class='ocrx_word' id='word_1_6' title='bbox 1703 602 1993 669; x_wconf 78' lang='grc' dir='ltr'><strong>ἔσσυτο</strong></span> <span class='ocrx_word' id='word_1_7' title='bbox 2039 607 2304 689; x_wconf 79' lang='grc' dir='ltr'><strong>καπνῷ</strong></span> 
     </span>
     <span class='ocr_line' id='line_1_3' title="bbox 346 715 1546 783; baseline 0.002 -2"><span class='ocrx_word' id='word_1_8' title='bbox 346 721 409 781; x_wconf 86' lang='lat' dir='ltr'>et</span> <span class='ocrx_word' id='word_1_9' title='bbox 452 715 719 780; x_wconf 86' lang='lat' dir='ltr'><strong>XLVIII</strong></span> <span class='ocrx_word' id='word_1_10' title='bbox 766 717 923 781; x_wconf 85' lang='lat'><strong>563:</strong></span> <span class='ocrx_word' id='word_1_11' title='bbox 1542 777 1546 783; x_wconf 76' lang='grc'><strong>,</strong></span> 
     </span>
    </p>

    <p class='ocr_par' dir='ltr' id='par_1_3' title="bbox 346 816 2585 1121">
     <span class='ocr_line' id='line_1_4' title="bbox 559 816 2458 907; baseline -0.003 -22"><span class='ocrx_word' id='word_1_12' title='bbox 559 823 657 891; x_wconf 82' lang='grc' dir='ltr'>ὣς</span> <span class='ocrx_word' id='word_1_13' title='bbox 700 820 992 907; x_wconf 79' lang='grc' dir='ltr'><strong>φαμένη</strong></span> <span class='ocrx_word' id='word_1_14' title='bbox 1043 818 1373 884; x_wconf 77' lang='grc' dir='ltr'>σκιόεντι</span> <span class='ocrx_word' id='word_1_15' title='bbox 1418 819 1876 887; x_wconf 72' lang='grc' dir='ltr'>πανείκελος</span> <span class='ocrx_word' id='word_1_16' title='bbox 1921 816 2173 883; x_wconf 84' lang='grc' dir='ltr'>ἔσσυτο</span> <span class='ocrx_word' id='word_1_17' title='bbox 2218 818 2458 882; x_wconf 81' lang='grc' dir='ltr'><strong>καπνῶ</strong></span> 
     </span>
     <span class='ocr_line' id='line_1_5' title="bbox 346 925 2585 997; baseline -0.003 -2"><span class='ocrx_word' id='word_1_18' title='bbox 346 932 508 997; x_wconf 87' lang='lat' dir='ltr'>hanc</span> <span class='ocrx_word' id='word_1_19' title='bbox 581 930 679 995; x_wconf 88' lang='lat' dir='ltr'>vel</span> <span class='ocrx_word' id='word_1_20' title='bbox 752 929 1025 993; x_wconf 83' lang='lat' dir='ltr'><strong>similem</strong></span> <span class='ocrx_word' id='word_1_21' title='bbox 1085 927 1529 993; x_wconf 81' lang='lat' dir='ltr'>allocutionem</span> <span class='ocrx_word' id='word_1_22' title='bbox 1580 927 1841 992; x_wconf 89' lang='lat' dir='ltr'>Nonnus</span> <span class='ocrx_word' id='word_1_23' title='bbox 1889 927 2161 991; x_wconf 80' lang='lat' dir='ltr'>libenter</span> <span class='ocrx_word' id='word_1_24' title='bbox 2207 925 2466 990; x_wconf 75' lang='lat' dir='ltr'><strong>adhibet</strong></span> <span class='ocrx_word' id='word_1_25' title='bbox 2512 928 2585 990; x_wconf 92' lang='lat' dir='ltr'>ut</span> 
     </span>
     <span class='ocr_line' id='line_1_6' title="bbox 346 1039 804 1121; baseline -0.007 -18"><span class='ocrx_word' id='word_1_26' title='bbox 346 1039 400 1103; x_wconf 87' lang='lat' dir='ltr'><strong>V</strong></span> <span class='ocrx_word' id='word_1_27' title='bbox 448 1041 577 1103; x_wconf 81' lang='lat'>415</span> <span class='ocrx_word' id='word_1_28' title='bbox 627 1056 804 1121; x_wconf 87' lang='lat' dir='ltr'>sqq.:</span> 
     </span>
    </p>

    <p class='ocr_par' dir='ltr' id='par_1_4' title="bbox 559 1138 2357 1226">
     <span class='ocr_line' id='line_1_7' title="bbox 559 1138 2357 1226; baseline -0.002 -20"><span class='ocrx_word' id='word_1_29' title='bbox 559 1144 610 1206; x_wconf 82' lang='grc' dir='ltr'>ὦ</span> <span class='ocrx_word' id='word_1_30' title='bbox 655 1144 854 1226; x_wconf 82' lang='grc' dir='ltr'>πάτερ,</span> <span class='ocrx_word' id='word_1_31' title='bbox 904 1142 1201 1210; x_wconf 82' lang='grc' dir='ltr'><strong>ὑπνώεις</strong></span> <span class='ocrx_word' id='word_1_32' title='bbox 1245 1141 1359 1204; x_wconf 85' lang='grc' dir='ltr'>καὶ</span> <span class='ocrx_word' id='word_1_33' title='bbox 1403 1140 1578 1224; x_wconf 79' lang='grc' dir='ltr'><strong>ἐμὴν</strong></span> <span class='ocrx_word' id='word_1_34' title='bbox 1627 1139 1756 1203; x_wconf 80' lang='grc' dir='ltr'>οὐκ</span> <span class='ocrx_word' id='word_1_35' title='bbox 1800 1138 1993 1208; x_wconf 76' lang='grc' dir='ltr'>οἶδας</span> <span class='ocrx_word' id='word_1_36' title='bbox 2037 1138 2357 1223; x_wconf 81' lang='grc' dir='ltr'><strong>ἀνάγκην</strong></span> 
     </span>
    </p>

    <p class='ocr_par' dir='ltr' id='par_1_5' title="bbox 570 1246 2110 1336">
     <span class='ocr_line' id='line_1_8' title="bbox 570 1246 2110 1336; baseline -0.004 -22"><span class='ocrx_word' id='word_1_37' title='bbox 570 1249 775 1336; x_wconf 84' lang='grc' dir='ltr'>ἔγρεο</span> <span class='ocrx_word' id='word_1_38' title='bbox 820 1251 915 1313; x_wconf 85' lang='grc' dir='ltr'>καὶ</span> <span class='ocrx_word' id='word_1_39' title='bbox 959 1249 1241 1335; x_wconf 80' lang='grc' dir='ltr'><strong>γίγνωσκε</strong></span> <span class='ocrx_word' id='word_1_40' title='bbox 1286 1247 1461 1332; x_wconf 75' lang='grc' dir='ltr'><strong>νόθην</strong></span> <span class='ocrx_word' id='word_1_41' title='bbox 1508 1246 1803 1334; x_wconf 81' lang='grc' dir='ltr'><strong>ἄγνωστον</strong></span> <span class='ocrx_word' id='word_1_42' title='bbox 1849 1247 2110 1331; x_wconf 78' lang='grc' dir='ltr'><strong>ὀπωπήν,</strong></span> 
     </span>
    </p>

    <p class='ocr_par' dir='ltr' id='par_1_6' title="bbox 345 1355 1119 1550">
     <span class='ocr_line' id='line_1_9' title="bbox 569 1355 1119 1444; baseline -0.004 -21"><span class='ocrx_word' id='word_1_43' title='bbox 569 1355 691 1444; x_wconf 87' lang='grc' dir='ltr'>ἔγρ</span> <span class='ocrx_word' id='word_1_44' title='bbox 711 1381 815 1425; x_wconf 85' lang='grc' dir='ltr'>εο.</span> <span class='ocrx_word' id='word_1_45' title='bbox 846 1407 860 1422; x_wconf 95' lang='grc'><strong>.</strong></span> <span class='ocrx_word' id='word_1_46' title='bbox 1114 1401 1119 1407; x_wconf 90' lang='grc'><strong>-</strong></span> 
     </span>
     <span class='ocr_line' id='line_1_10' title="bbox 345 1466 1050 1550; baseline 0 -19"><span class='ocrx_word' id='word_1_47' title='bbox 345 1470 411 1531; x_wconf 84' lang='lat' dir='ltr'>et</span> <span class='ocrx_word' id='word_1_48' title='bbox 456 1466 692 1531; x_wconf 84' lang='lat' dir='ltr'><strong>XLVII</strong></span> <span class='ocrx_word' id='word_1_49' title='bbox 746 1468 861 1530; x_wconf 89' lang='lat'>161</span> <span class='ocrx_word' id='word_1_50' title='bbox 918 1484 1050 1550; x_wconf 77' lang='lat' dir='ltr'>sq.:</span> 
     </span>
    </p>

    <p class='ocr_par' dir='ltr' id='par_1_7' title="bbox 571 1571 1840 1657">
     <span class='ocr_line' id='line_1_11' title="bbox 571 1571 1840 1657; baseline -0.002 -20"><span class='ocrx_word' id='word_1_51' title='bbox 571 1571 799 1657; x_wconf 78' lang='grc' dir='ltr'>ἔγρεο,</span> <span class='ocrx_word' id='word_1_52' title='bbox 847 1572 1085 1654; x_wconf 80' lang='grc' dir='ltr'><strong>δειλαίη,</strong></span> <span class='ocrx_word' id='word_1_53' title='bbox 1132 1574 1227 1635; x_wconf 81' lang='grc' dir='ltr'>καὶ</span> <span class='ocrx_word' id='word_1_54' title='bbox 1274 1572 1424 1645; x_wconf 74' lang='grc' dir='ltr'>δίζεο</span> <span class='ocrx_word' id='word_1_55' title='bbox 1472 1575 1591 1635; x_wconf 77' lang='grc' dir='ltr'>σεῖο</span> <span class='ocrx_word' id='word_1_56' title='bbox 1638 1575 1840 1654; x_wconf 81' lang='grc' dir='ltr'>τοκῆα·</span> 
     </span>
    </p>

    <p class='ocr_par' dir='ltr' id='par_1_8' title="bbox 344 1676 2076 1871">
     <span class='ocr_line' id='line_1_12' title="bbox 568 1676 2076 1764; baseline -0.001 -22"><span class='ocrx_word' id='word_1_57' title='bbox 568 1676 792 1764; x_wconf 82' lang='grc' dir='ltr'>ἔγρεο,</span> <span class='ocrx_word' id='word_1_58' title='bbox 840 1680 935 1742; x_wconf 81' lang='grc' dir='ltr'>καὶ</span> <span class='ocrx_word' id='word_1_59' title='bbox 982 1678 1295 1761; x_wconf 75' lang='grc' dir='ltr'>μεθύοντας</span> <span class='ocrx_word' id='word_1_60' title='bbox 1342 1678 1516 1762; x_wconf 78' lang='grc' dir='ltr'>ἐμοὺς</span> <span class='ocrx_word' id='word_1_61' title='bbox 1561 1680 1812 1761; x_wconf 83' lang='grc' dir='ltr'>μάστευε</span> <span class='ocrx_word' id='word_1_62' title='bbox 1859 1682 2076 1763; x_wconf 82' lang='grc' dir='ltr'><strong>φονῆας</strong></span> 
     </span>
     <span class='ocr_line' id='line_1_13' title="bbox 344 1786 1071 1871; baseline -0.001 -20"><span class='ocrx_word' id='word_1_63' title='bbox 344 1793 408 1853; x_wconf 84' lang='lat' dir='ltr'>et</span> <span class='ocrx_word' id='word_1_64' title='bbox 454 1786 722 1854; x_wconf 89' lang='lat' dir='ltr'><strong>XLVIII</strong></span> <span class='ocrx_word' id='word_1_65' title='bbox 770 1788 899 1851; x_wconf 83' lang='lat'>533</span> <span class='ocrx_word' id='word_1_66' title='bbox 946 1804 1071 1871; x_wconf 86' lang='lat' dir='ltr'>sq.:</span> 
     </span>
    </p>

    <p class='ocr_par' dir='ltr' id='par_1_9' title="bbox 568 1889 2341 1977">
     <span class='ocr_line' id='line_1_14' title="bbox 568 1889 2341 1977; baseline 0.001 -21"><span class='ocrx_word' id='word_1_67' title='bbox 568 1894 921 1977; x_wconf 81' lang='grc' dir='ltr'><strong>ἀμνήμων,</strong></span> <span class='ocrx_word' id='word_1_68' title='bbox 969 1889 1226 1975; x_wconf 76' lang='grc' dir='ltr'><strong>Διόνυσε,</strong></span> <span class='ocrx_word' id='word_1_69' title='bbox 1274 1898 1455 1956; x_wconf 83' lang='grc' dir='ltr'>τεῶν</span> <span class='ocrx_word' id='word_1_70' title='bbox 1500 1890 1894 1976; x_wconf 85' lang='grc' dir='ltr'>προτέρων</span> <span class='ocrx_word' id='word_1_71' title='bbox 1939 1891 2341 1975; x_wconf 78' lang='grc' dir='ltr'><strong>ὑμεναίων,</strong></span> 
     </span>
    </p>

    <p class='ocr_par' dir='ltr' id='par_1_10' title="bbox 572 1995 2385 2085">
     <span class='ocr_line' id='line_1_15' title="bbox 572 1995 2385 2085; baseline -0.001 -22"><span class='ocrx_word' id='word_1_72' title='bbox 572 1999 768 2083; x_wconf 79' lang='grc' dir='ltr'>Αὔρης</span> <span class='ocrx_word' id='word_1_73' title='bbox 814 2003 988 2084; x_wconf 73' lang='grc' dir='ltr'>ζῆλος</span> <span class='ocrx_word' id='word_1_74' title='bbox 1033 1998 1161 2085; x_wconf 77' lang='grc' dir='ltr'>ἔχει</span> <span class='ocrx_word' id='word_1_75' title='bbox 1206 2020 1289 2077; x_wconf 81' lang='grc' dir='ltr'>σε,</span> <span class='ocrx_word' id='word_1_76' title='bbox 1336 2000 1449 2063; x_wconf 85' lang='grc' dir='ltr'>καὶ</span> <span class='ocrx_word' id='word_1_77' title='bbox 1494 1998 1617 2061; x_wconf 80' lang='grc' dir='ltr'>οὐκ</span> <span class='ocrx_word' id='word_1_78' title='bbox 1664 1997 1941 2081; x_wconf 82' lang='grc' dir='ltr'>ἀλέγεις</span> <span class='ocrx_word' id='word_1_79' title='bbox 1979 1995 2385 2085; x_wconf 81' lang='grc' dir='ltr'><strong>Ἀριάδνης.</strong></span> 
     </span>
    </p>

    <p class='ocr_par' dir='ltr' id='par_1_11' title="bbox 345 2105 2588 2309">
     <span class='ocr_line' id='line_1_16' title="bbox 526 2105 2588 2191; baseline 0 -18"><span class='ocrx_word' id='word_1_80' title='bbox 526 2107 760 2173; x_wconf 84' lang='lat' dir='ltr'>Omnia</span> <span class='ocrx_word' id='word_1_81' title='bbox 794 2127 951 2191; x_wconf 87' lang='lat' dir='ltr'>quae</span> <span class='ocrx_word' id='word_1_82' title='bbox 986 2108 1063 2172; x_wconf 92' lang='lat' dir='ltr'>de</span> <span class='ocrx_word' id='word_1_83' title='bbox 1095 2106 1307 2171; x_wconf 91' lang='lat' dir='ltr'>Nonni</span> <span class='ocrx_word' id='word_1_84' title='bbox 1326 2108 1371 2187; x_wconf 90' lang='lat'>¹)</span> <span class='ocrx_word' id='word_1_85' title='bbox 1427 2106 1619 2169; x_wconf 82' lang='lat' dir='ltr'>larvis</span> <span class='ocrx_word' id='word_1_86' title='bbox 1654 2105 1952 2187; x_wconf 82' lang='lat' dir='ltr'>diximus,</span> <span class='ocrx_word' id='word_1_87' title='bbox 2002 2107 2308 2189; x_wconf 84' lang='lat' dir='ltr'>complexi</span> <span class='ocrx_word' id='word_1_88' title='bbox 2345 2110 2588 2191; x_wconf 85' lang='lat' dir='ltr'>poetam</span> 
     </span>
     <span class='ocr_line' id='line_1_17' title="bbox 345 2212 2587 2309; baseline 0 -29"><span class='ocrx_word' id='word_1_89' title='bbox 345 2215 690 2280; x_wconf 83' lang='lat' dir='ltr'>Homerum</span> <span class='ocrx_word' id='word_1_90' title='bbox 724 2214 1040 2298; x_wconf 84' lang='lat' dir='ltr'>imprimis</span> <span class='ocrx_word' id='word_1_91' title='bbox 1077 2214 1398 2277; x_wconf 85' lang='lat' dir='ltr'>imitatum</span> <span class='ocrx_word' id='word_1_92' title='bbox 1434 2231 1567 2277; x_wconf 89' lang='lat' dir='ltr'>esse</span> <span class='ocrx_word' id='word_1_93' title='bbox 1600 2212 1888 2309; x_wconf 78' lang='lat' dir='ltr'>videmus</span> <span class='ocrx_word' id='word_1_94' title='bbox 1917 2236 1931 2287; x_wconf 89' lang='lat'><strong>;</strong></span> <span class='ocrx_word' id='word_1_95' title='bbox 1983 2213 2191 2277; x_wconf 85' lang='lat' dir='ltr'>larvae</span> <span class='ocrx_word' id='word_1_96' title='bbox 2226 2216 2289 2277; x_wconf 90' lang='lat' dir='ltr'>et</span> <span class='ocrx_word' id='word_1_97' title='bbox 2335 2233 2587 2279; x_wconf 87' lang='lat' dir='ltr'>accura-</span> 
     </span>
    </p>
   </div>
   <div class='ocr_carea' id='block_1_3' title="bbox 344 2318 2706 2419">
    <p class='ocr_par' dir='ltr' id='par_1_12' title="bbox 344 2318 2706 2419">
     <span class='ocr_line' id='line_1_18' title="bbox 344 2318 2706 2419; baseline 0.001 -34"><span class='ocrx_word' id='word_1_98' title='bbox 344 2322 594 2386; x_wconf 90' lang='lat' dir='ltr'>tissime</span> <span class='ocrx_word' id='word_1_99' title='bbox 663 2322 1014 2405; x_wconf 78' lang='lat' dir='ltr'>descriptae</span> <span class='ocrx_word' id='word_1_100' title='bbox 1092 2322 1239 2385; x_wconf 87' lang='lat' dir='ltr'>sunt</span> <span class='ocrx_word' id='word_1_101' title='bbox 1308 2322 1372 2383; x_wconf 88' lang='lat' dir='ltr'>et</span> <span class='ocrx_word' id='word_1_102' title='bbox 1440 2320 1720 2403; x_wconf 85' lang='lat' dir='ltr'>legentes</span> <span class='ocrx_word' id='word_1_103' title='bbox 1790 2318 2224 2383; x_wconf 87' lang='lat' dir='ltr'>misericordia</span> <span class='ocrx_word' id='word_1_104' title='bbox 2269 2319 2588 2400; x_wconf 80' lang='lat' dir='ltr'>afficiunt3</span> <span class='ocrx_word' id='word_1_105' title='bbox 2695 2406 2706 2419; x_wconf 17' lang='grc' dir='ltr'>ἡ</span> 
     </span>
    </p>
   </div>
   <div class='ocr_carea' id='block_1_4' title="bbox 345 2425 2594 4002">
    <p class='ocr_par' dir='ltr' id='par_1_13' title="bbox 345 2425 2592 2833">
     <span class='ocr_line' id='line_1_19' title="bbox 345 2425 2587 2512; baseline 0 -20"><span class='ocrx_word' id='word_1_106' title='bbox 345 2430 563 2512; x_wconf 86' lang='lat' dir='ltr'>itaque</span> <span class='ocrx_word' id='word_1_107' title='bbox 640 2428 908 2492; x_wconf 90' lang='lat' dir='ltr'>ultimus</span> <span class='ocrx_word' id='word_1_108' title='bbox 957 2429 1281 2511; x_wconf 86' lang='lat' dir='ltr'>poetarum</span> <span class='ocrx_word' id='word_1_109' title='bbox 1330 2425 1669 2509; x_wconf 85' lang='lat' dir='ltr'>epicorum,</span> <span class='ocrx_word' id='word_1_110' title='bbox 1719 2444 1873 2510; x_wconf 90' lang='lat' dir='ltr'>quos</span> <span class='ocrx_word' id='word_1_111' title='bbox 1920 2427 2188 2490; x_wconf 84' lang='lat' dir='ltr'>tractare</span> <span class='ocrx_word' id='word_1_112' title='bbox 2238 2425 2398 2491; x_wconf 90' lang='lat' dir='ltr'>mihi</span> <span class='ocrx_word' id='word_1_113' title='bbox 2444 2447 2587 2511; x_wconf 87' lang='lat' dir='ltr'>pro-</span> 
     </span>
     <span class='ocr_line' id='line_1_20' title="bbox 345 2532 2590 2619; baseline -0.001 -18"><span class='ocrx_word' id='word_1_114' title='bbox 345 2536 623 2619; x_wconf 87' lang='lat' dir='ltr'>positum</span> <span class='ocrx_word' id='word_1_115' title='bbox 674 2537 789 2613; x_wconf 86' lang='lat' dir='ltr'>est,</span> <span class='ocrx_word' id='word_1_116' title='bbox 860 2535 1040 2598; x_wconf 90' lang='lat' dir='ltr'>testis</span> <span class='ocrx_word' id='word_1_117' title='bbox 1090 2536 1185 2598; x_wconf 87' lang='lat' dir='ltr'>est</span> <span class='ocrx_word' id='word_1_118' title='bbox 1231 2537 1292 2597; x_wconf 86' lang='lat' dir='ltr'>et</span> <span class='ocrx_word' id='word_1_119' title='bbox 1339 2533 1693 2597; x_wconf 81' lang='lat' dir='ltr'>animarum</span> <span class='ocrx_word' id='word_1_120' title='bbox 1741 2550 2035 2600; x_wconf 86' lang='lat' dir='ltr'>ascensus</span> <span class='ocrx_word' id='word_1_121' title='bbox 2084 2532 2248 2614; x_wconf 88' lang='lat' dir='ltr'>apud</span> <span class='ocrx_word' id='word_1_122' title='bbox 2297 2534 2590 2618; x_wconf 88' lang='lat' dir='ltr'>antiquos</span> 
     </span>
     <span class='ocr_line' id='line_1_21' title="bbox 345 2639 2592 2725; baseline 0 -19"><span class='ocrx_word' id='word_1_123' title='bbox 345 2647 561 2725; x_wconf 88' lang='lat' dir='ltr'>poetas</span> <span class='ocrx_word' id='word_1_124' title='bbox 611 2642 817 2724; x_wconf 89' lang='lat' dir='ltr'>epicos</span> <span class='ocrx_word' id='word_1_125' title='bbox 864 2641 1083 2725; x_wconf 85' lang='lat' dir='ltr'>magni</span> <span class='ocrx_word' id='word_1_126' title='bbox 1131 2640 1437 2704; x_wconf 90' lang='lat' dir='ltr'>momenti</span> <span class='ocrx_word' id='word_1_127' title='bbox 1481 2639 1679 2704; x_wconf 85' lang='lat' dir='ltr'>fuisse</span> <span class='ocrx_word' id='word_1_128' title='bbox 1711 2643 1773 2704; x_wconf 85' lang='lat' dir='ltr'>et</span> <span class='ocrx_word' id='word_1_129' title='bbox 1820 2639 2086 2704; x_wconf 88' lang='lat' dir='ltr'>formam</span> <span class='ocrx_word' id='word_1_130' title='bbox 2126 2640 2269 2724; x_wconf 90' lang='lat' dir='ltr'>plus</span> <span class='ocrx_word' id='word_1_131' title='bbox 2318 2640 2592 2707; x_wconf 87' lang='lat' dir='ltr'>valuisse</span> 
     </span>
     <span class='ocr_line' id='line_1_22' title="bbox 352 2748 2002 2833; baseline -0.002 -20"><span class='ocrx_word' id='word_1_132' title='bbox 352 2768 543 2833; x_wconf 86' lang='lat' dir='ltr'>quam</span> <span class='ocrx_word' id='word_1_133' title='bbox 592 2748 1056 2831; x_wconf 81' lang='lat' dir='ltr'>argumentum.</span> <span class='ocrx_word' id='word_1_134' title='bbox 1997 2804 2002 2809; x_wconf 81' lang='lat'>.</span> 
     </span>
    </p>

    <p class='ocr_par' dir='ltr' id='par_1_14' title="bbox 349 2852 2594 4002">
     <span class='ocr_line' id='line_1_23' title="bbox 537 2852 2590 2936; baseline -0 -16"><span class='ocrx_word' id='word_1_135' title='bbox 537 2856 825 2920; x_wconf 81' lang='lat' dir='ltr'>Extremo</span> <span class='ocrx_word' id='word_1_136' title='bbox 874 2854 989 2919; x_wconf 91' lang='lat' dir='ltr'>hoc</span> <span class='ocrx_word' id='word_1_137' title='bbox 1036 2854 1261 2935; x_wconf 86' lang='lat' dir='ltr'>capite,</span> <span class='ocrx_word' id='word_1_138' title='bbox 1336 2854 1644 2936; x_wconf 89' lang='lat' dir='ltr'>quomodo</span> <span class='ocrx_word' id='word_1_139' title='bbox 1692 2852 2046 2919; x_wconf 86' lang='lat' dir='ltr'>animarum</span> <span class='ocrx_word' id='word_1_140' title='bbox 2095 2872 2389 2919; x_wconf 79' lang='lat' dir='ltr'>ascensus</span> <span class='ocrx_word' id='word_1_141' title='bbox 2436 2873 2590 2919; x_wconf 82' lang='lat' dir='ltr'>usus</span> 
     </span>
     <span class='ocr_line' id='line_1_24' title="bbox 352 2959 2587 3047; baseline -0.001 -20"><span class='ocrx_word' id='word_1_142' title='bbox 352 2963 519 3047; x_wconf 90' lang='lat' dir='ltr'>apud</span> <span class='ocrx_word' id='word_1_143' title='bbox 569 2965 781 3044; x_wconf 83' lang='lat' dir='ltr'>poetas</span> <span class='ocrx_word' id='word_1_144' title='bbox 830 2961 1035 3043; x_wconf 93' lang='lat' dir='ltr'>epicos</span> <span class='ocrx_word' id='word_1_145' title='bbox 1085 2966 1147 3025; x_wconf 90' lang='lat' dir='ltr'>et</span> <span class='ocrx_word' id='word_1_146' title='bbox 1202 2960 1517 3024; x_wconf 89' lang='lat' dir='ltr'>scaenicos</span> <span class='ocrx_word' id='word_1_147' title='bbox 1565 2959 1714 3024; x_wconf 88' lang='lat' dir='ltr'>inde</span> <span class='ocrx_word' id='word_1_148' title='bbox 1760 2960 1838 3022; x_wconf 86' lang='lat' dir='ltr'>ab</span> <span class='ocrx_word' id='word_1_149' title='bbox 1905 2960 2174 3025; x_wconf 88' lang='lat' dir='ltr'>Homero</span> <span class='ocrx_word' id='word_1_150' title='bbox 2243 2980 2442 3045; x_wconf 90' lang='lat' dir='ltr'>usque</span> <span class='ocrx_word' id='word_1_151' title='bbox 2511 2962 2587 3025; x_wconf 93' lang='lat' dir='ltr'>ad</span> 
     </span>
     <span class='ocr_line' id='line_1_25' title="bbox 352 3066 2588 3150; baseline -0 -17"><span class='ocrx_word' id='word_1_152' title='bbox 352 3072 593 3134; x_wconf 82' lang='lat' dir='ltr'>sextum</span> <span class='ocrx_word' id='word_1_153' title='bbox 630 3068 951 3133; x_wconf 87' lang='lat' dir='ltr'>saeculum</span> <span class='ocrx_word' id='word_1_154' title='bbox 991 3088 1051 3150; x_wconf 89' lang='lat' dir='ltr'>p.</span> <span class='ocrx_word' id='word_1_155' title='bbox 1090 3066 1234 3131; x_wconf 87' lang='lat' dir='ltr'>Chr.</span> <span class='ocrx_word' id='word_1_156' title='bbox 1270 3088 1328 3130; x_wconf 91' lang='lat' dir='ltr'>n.</span> <span class='ocrx_word' id='word_1_157' title='bbox 1379 3067 1663 3130; x_wconf 83' lang='lat' dir='ltr'>mutatus</span> <span class='ocrx_word' id='word_1_158' title='bbox 1712 3066 1816 3144; x_wconf 88' lang='lat' dir='ltr'>sit,</span> <span class='ocrx_word' id='word_1_159' title='bbox 1865 3066 2139 3131; x_wconf 85' lang='lat' dir='ltr'>breviter</span> <span class='ocrx_word' id='word_1_160' title='bbox 2188 3067 2588 3132; x_wconf 83' lang='lat' dir='ltr'>disseramus.</span> 
     </span>
     <span class='ocr_line' id='line_1_26' title="bbox 349 3172 2590 3260; baseline -0.001 -20"><span class='ocrx_word' id='word_1_161' title='bbox 349 3177 536 3260; x_wconf 88' lang='lat' dir='ltr'>Apud</span> <span class='ocrx_word' id='word_1_162' title='bbox 585 3175 984 3239; x_wconf 89' lang='lat' dir='ltr'>Homerum</span> <span class='ocrx_word' id='word_1_163' title='bbox 1018 3172 1107 3253; x_wconf 88' lang='grc' dir='ltr'>(Ψ</span> <span class='ocrx_word' id='word_1_164' title='bbox 1146 3176 1219 3237; x_wconf 82' lang='grc'>51</span> <span class='ocrx_word' id='word_1_165' title='bbox 1255 3177 1418 3258; x_wconf 87' lang='lat' dir='ltr'>sqq.)</span> <span class='ocrx_word' id='word_1_166' title='bbox 1450 3173 1681 3237; x_wconf 90' lang='lat' dir='ltr'>somnii</span> <span class='ocrx_word' id='word_1_167' title='bbox 1729 3173 1959 3255; x_wconf 86' lang='lat' dir='ltr'>speciei</span> <span class='ocrx_word' id='word_1_168' title='bbox 1989 3172 2191 3237; x_wconf 85' lang='lat' dir='ltr'>forma</span> <span class='ocrx_word' id='word_1_169' title='bbox 2236 3175 2299 3238; x_wconf 94' lang='lat' dir='ltr'>et</span> <span class='ocrx_word' id='word_1_170' title='bbox 2343 3192 2590 3257; x_wconf 87' lang='lat' dir='ltr'>compo·</span> 
     </span>
     <span class='ocr_line' id='line_1_27' title="bbox 349 3268 2590 3364; baseline -0 -16"><span class='ocrx_word' id='word_1_171' title='bbox 349 3283 495 3353; x_wconf 87' lang='lat' dir='ltr'>sitio</span> <span class='ocrx_word' id='word_1_172' title='bbox 543 3283 813 3359; x_wconf 76' lang='lat' dir='ltr'>constat,</span> <span class='ocrx_word' id='word_1_173' title='bbox 862 3300 1053 3363; x_wconf 85' lang='lat' dir='ltr'>quam</span> <span class='ocrx_word' id='word_1_174' title='bbox 1085 3282 1303 3364; x_wconf 84' lang='lat' dir='ltr'>poetae</span> <span class='ocrx_word' id='word_1_175' title='bbox 1335 3284 1664 3363; x_wconf 88' lang='lat' dir='ltr'>sequentes</span> <span class='ocrx_word' id='word_1_176' title='bbox 1703 3279 1866 3363; x_wconf 89' lang='lat' dir='ltr'>epici</span> <span class='ocrx_word' id='word_1_177' title='bbox 1913 3299 2127 3345; x_wconf 87' lang='lat' dir='ltr'>omnes</span> <span class='ocrx_word' id='word_1_178' title='bbox 2161 3280 2309 3363; x_wconf 88' lang='lat' dir='ltr'>fere,</span> <span class='ocrx_word' id='word_1_179' title='bbox 2352 3268 2590 3363; x_wconf 63' lang='lat' dir='ltr'>&#39;tragici</span> 
     </span>
     <span class='ocr_line' id='line_1_28' title="bbox 350 3386 2592 3470; baseline -0.001 -16"><span class='ocrx_word' id='word_1_180' title='bbox 350 3390 505 3455; x_wconf 84' lang='lat' dir='ltr'>satis</span> <span class='ocrx_word' id='word_1_181' title='bbox 542 3389 735 3453; x_wconf 88' lang='lat' dir='ltr'>multi</span> <span class='ocrx_word' id='word_1_182' title='bbox 765 3388 1001 3451; x_wconf 84' lang='lat' dir='ltr'>imitati</span> <span class='ocrx_word' id='word_1_183' title='bbox 1036 3389 1200 3452; x_wconf 89' lang='lat' dir='ltr'>sunt.</span> <span class='ocrx_word' id='word_1_184' title='bbox 1274 3386 1702 3451; x_wconf 89' lang='lat' dir='ltr'>Posteriornm</span> <span class='ocrx_word' id='word_1_185' title='bbox 1734 3386 2097 3470; x_wconf 80' lang='lat' dir='ltr'>necyiarum</span> <span class='ocrx_word' id='word_1_186' title='bbox 2131 3388 2592 3453; x_wconf 87' lang='lat' dir='ltr'>evocationum-</span> 
     </span>
     <span class='ocr_line' id='line_1_29' title="bbox 353 3493 2594 3580; baseline -0.001 -20"><span class='ocrx_word' id='word_1_187' title='bbox 353 3515 475 3580; x_wconf 88' lang='lat' dir='ltr'>que</span> <span class='ocrx_word' id='word_1_188' title='bbox 516 3495 831 3577; x_wconf 83' lang='lat' dir='ltr'>exemplar</span> <span class='ocrx_word' id='word_1_189' title='bbox 861 3494 1063 3560; x_wconf 84' lang='lat' dir='ltr'>Ulixis</span> <span class='ocrx_word' id='word_1_190' title='bbox 1098 3493 1313 3575; x_wconf 81' lang='lat' dir='ltr'>necyia</span> <span class='ocrx_word' id='word_1_191' title='bbox 1361 3494 1427 3556; x_wconf 90' lang='lat' dir='ltr'>in</span> <span class='ocrx_word' id='word_1_192' title='bbox 1460 3494 1495 3554; x_wconf 90' lang='grc' dir='ltr'>λ</span> <span class='ocrx_word' id='word_1_193' title='bbox 1526 3493 1842 3577; x_wconf 86' lang='lat' dir='ltr'>praebuit,</span> <span class='ocrx_word' id='word_1_194' title='bbox 1890 3512 1964 3558; x_wconf 86' lang='lat' dir='ltr'>ex</span> <span class='ocrx_word' id='word_1_195' title='bbox 2015 3513 2140 3578; x_wconf 85' lang='lat' dir='ltr'>qua</span> <span class='ocrx_word' id='word_1_196' title='bbox 2169 3512 2368 3576; x_wconf 86' lang='lat' dir='ltr'>pauca</span> <span class='ocrx_word' id='word_1_197' title='bbox 2400 3493 2594 3558; x_wconf 86' lang='lat' dir='ltr'>etiam</span> 
     </span>
     <span class='ocr_line' id='line_1_30' title="bbox 360 3598 2592 3683; baseline -0.001 -16"><span class='ocrx_word' id='word_1_198' title='bbox 360 3604 425 3667; x_wconf 91' lang='lat' dir='ltr'>in</span> <span class='ocrx_word' id='word_1_199' title='bbox 477 3620 770 3667; x_wconf 85' lang='lat' dir='ltr'>ascensus</span> <span class='ocrx_word' id='word_1_200' title='bbox 818 3599 1149 3665; x_wconf 82' lang='lat' dir='ltr'>fluxerunt.</span> <span class='ocrx_word' id='word_1_201' title='bbox 1242 3599 1405 3664; x_wconf 84' lang='lat' dir='ltr'>Turn</span> <span class='ocrx_word' id='word_1_202' title='bbox 1455 3598 1738 3663; x_wconf 86' lang='lat' dir='ltr'>Achilles</span> <span class='ocrx_word' id='word_1_203' title='bbox 1786 3599 1852 3665; x_wconf 91' lang='lat' dir='ltr'>in</span> <span class='ocrx_word' id='word_1_204' title='bbox 1901 3600 2230 3665; x_wconf 87' lang='lat' dir='ltr'>Nostis</span> <span class='ocrx_word' id='word_1_205' title='bbox 2285 3619 2592 3683; x_wconf 80' lang='lat' dir='ltr'>apparens</span> 
     </span>
     <span class='ocr_line' id='line_1_31' title="bbox 351 3705 2589 3790; baseline -0.001 -17"><span class='ocrx_word' id='word_1_206' title='bbox 351 3712 417 3773; x_wconf 88' lang='lat' dir='ltr'>in</span> <span class='ocrx_word' id='word_1_207' title='bbox 520 3707 722 3773; x_wconf 78' lang='lat' dir='ltr'>multa</span> <span class='ocrx_word' id='word_1_208' title='bbox 816 3707 1014 3771; x_wconf 88' lang='lat' dir='ltr'>simili</span> <span class='ocrx_word' id='word_1_209' title='bbox 1110 3707 1207 3770; x_wconf 88' lang='lat' dir='ltr'>vel</span> <span class='ocrx_word' id='word_1_210' title='bbox 1301 3705 1515 3769; x_wconf 89' lang='lat' dir='ltr'>eodem</span> <span class='ocrx_word' id='word_1_211' title='bbox 1608 3707 1792 3771; x_wconf 87' lang='lat' dir='ltr'>modo</span> <span class='ocrx_word' id='word_1_212' title='bbox 1884 3705 2029 3771; x_wconf 88' lang='lat' dir='ltr'>ficta</span> <span class='ocrx_word' id='word_1_213' title='bbox 2119 3710 2364 3790; x_wconf 87' lang='lat' dir='ltr'>spectra</span> <span class='ocrx_word' id='word_1_214' title='bbox 2453 3726 2589 3771; x_wconf 81' lang='lat' dir='ltr'>ma-</span> 
     </span>
     <span class='ocr_line' id='line_1_32' title="bbox 352 3811 2585 3899; baseline 0 -20"><span class='ocrx_word' id='word_1_215' title='bbox 352 3834 544 3899; x_wconf 87' lang='lat' dir='ltr'>gnam</span> <span class='ocrx_word' id='word_1_216' title='bbox 593 3814 721 3879; x_wconf 89' lang='lat' dir='ltr'>vim</span> <span class='ocrx_word' id='word_1_217' title='bbox 770 3813 1079 3878; x_wconf 86' lang='lat' dir='ltr'>exhibuit.</span> <span class='ocrx_word' id='word_1_218' title='bbox 1173 3814 1265 3877; x_wconf 93' lang='lat' dir='ltr'>De</span> <span class='ocrx_word' id='word_1_219' title='bbox 1314 3811 1593 3877; x_wconf 89' lang='lat' dir='ltr'>eiusdem</span> <span class='ocrx_word' id='word_1_220' title='bbox 1645 3813 1706 3876; x_wconf 91' lang='lat' dir='ltr'>in</span> <span class='ocrx_word' id='word_1_221' title='bbox 1759 3812 1958 3877; x_wconf 87' lang='lat' dir='ltr'>Iliade</span> <span class='ocrx_word' id='word_1_222' title='bbox 2006 3832 2197 3897; x_wconf 82' lang='lat' dir='ltr'>parva</span> <span class='ocrx_word' id='word_1_223' title='bbox 2243 3814 2416 3878; x_wconf 86' lang='lat' dir='ltr'>larva</span> <span class='ocrx_word' id='word_1_224' title='bbox 2463 3832 2585 3879; x_wconf 88' lang='lat' dir='ltr'>nou</span> 
     </span>
     <span class='ocr_line' id='line_1_33' title="bbox 350 3918 2587 4002; baseline -0.001 -15"><span class='ocrx_word' id='word_1_225' title='bbox 350 3922 559 3987; x_wconf 86' lang='lat' dir='ltr'>multa</span> <span class='ocrx_word' id='word_1_226' title='bbox 606 3922 910 3985; x_wconf 87' lang='lat' dir='ltr'>constant.</span> <span class='ocrx_word' id='word_1_227' title='bbox 1006 3920 1077 3983; x_wconf 91' lang='lat' dir='ltr'>In</span> <span class='ocrx_word' id='word_1_228' title='bbox 1151 3923 1233 3983; x_wconf 88' lang='lat' dir='ltr'>tr</span> <span class='ocrx_word' id='word_1_229' title='bbox 1259 3940 1295 3983; x_wconf 89' lang='lat' dir='ltr'>a</span> <span class='ocrx_word' id='word_1_230' title='bbox 1320 3940 1362 4002; x_wconf 87' lang='lat' dir='ltr'><strong>g</strong></span> <span class='ocrx_word' id='word_1_231' title='bbox 1386 3939 1421 3983; x_wconf 94' lang='lat' dir='ltr'>o</span> <span class='ocrx_word' id='word_1_232' title='bbox 1448 3938 1479 3981; x_wconf 88' lang='lat' dir='ltr'>e</span> <span class='ocrx_word' id='word_1_233' title='bbox 1506 3919 1592 3983; x_wconf 90' lang='lat' dir='ltr'>di</span> <span class='ocrx_word' id='word_1_234' title='bbox 1623 3919 1697 3983; x_wconf 89' lang='lat' dir='ltr'>is</span> <span class='ocrx_word' id='word_1_235' title='bbox 1777 3918 2158 3985; x_wconf 82' lang='lat' dir='ltr'>Graecorum</span> <span class='ocrx_word' id='word_1_236' title='bbox 2228 3919 2587 3985; x_wconf 85' lang='lat' dir='ltr'>animarum</span> 
     </span>
    </p>
   </div>
   <div class='ocr_carea' id='block_1_5' title="bbox 345 4048 773 4058">
    <p class='ocr_par' dir='ltr' id='par_1_15' title="bbox 345 4048 773 4058">
     <span class='ocr_line' id='line_1_34' title="bbox 345 4048 773 4058; baseline 0 1001"><span class='ocrx_word' id='word_1_237' title='bbox 345 4048 773 4058; x_wconf 95' lang='lat' dir='ltr'> </span> 
     </span>
    </p>
   </div>
   <div class='ocr_carea' id='block_1_6' title="bbox 353 4112 2598 4538">
    <p class='ocr_par' dir='ltr' id='par_1_16' title="bbox 353 4112 2598 4538">
     <span class='ocr_line' id='line_1_35' title="bbox 536 4112 2596 4185; baseline -0 -17"><span class='ocrx_word' id='word_1_238' title='bbox 536 4116 578 4183; x_wconf 85' lang='lat'>¹)</span> <span class='ocrx_word' id='word_1_239' title='bbox 617 4114 683 4168; x_wconf 89' lang='lat' dir='ltr'>In</span> <span class='ocrx_word' id='word_1_240' title='bbox 720 4114 1089 4185; x_wconf 77' lang='lat' dir='ltr'>&#39;l&#39;riphiodori‚</span> <span class='ocrx_word' id='word_1_241' title='bbox 1142 4112 1401 4180; x_wconf 73' lang='lat' dir='ltr'>colluthi,</span> <span class='ocrx_word' id='word_1_242' title='bbox 1440 4113 1652 4167; x_wconf 78' lang='lat' dir='ltr'>Musaei</span> <span class='ocrx_word' id='word_1_243' title='bbox 1689 4113 2022 4168; x_wconf 75' lang='lat' dir='ltr'>carminibus</span> <span class='ocrx_word' id='word_1_244' title='bbox 2059 4114 2362 4167; x_wconf 74' lang='lat' dir='ltr'>animarum</span> <span class='ocrx_word' id='word_1_245' title='bbox 2401 4130 2596 4168; x_wconf 76' lang='lat' dir='ltr'>ascen-</span> 
     </span>
     <span class='ocr_line' id='line_1_36' title="bbox 356 4202 2596 4273; baseline -0 -14"><span class='ocrx_word' id='word_1_246' title='bbox 356 4222 454 4259; x_wconf 82' lang='lat' dir='ltr'>sus</span> <span class='ocrx_word' id='word_1_247' title='bbox 493 4221 602 4258; x_wconf 89' lang='lat' dir='ltr'>non</span> <span class='ocrx_word' id='word_1_248' title='bbox 640 4207 806 4269; x_wconf 63' lang='grc' dir='ltr'>θοοὺς</span> <span class='ocrx_word' id='word_1_249' title='bbox 871 4202 1160 4257; x_wconf 83' lang='lat' dir='ltr'>Colluthns</span> <span class='ocrx_word' id='word_1_250' title='bbox 1216 4204 1271 4256; x_wconf 89' lang='lat' dir='ltr'>in</span> <span class='ocrx_word' id='word_1_251' title='bbox 1309 4202 1551 4257; x_wconf 80' lang='lat' dir='ltr'>Helenae</span> <span class='ocrx_word' id='word_1_252' title='bbox 1607 4209 1770 4273; x_wconf 79' lang='lat' dir='ltr'>raptu</span> <span class='ocrx_word' id='word_1_253' title='bbox 1829 4203 2030 4257; x_wconf 80' lang='lat' dir='ltr'>somnii</span> <span class='ocrx_word' id='word_1_254' title='bbox 2075 4203 2314 4272; x_wconf 86' lang='lat' dir='ltr'>speciem</span> <span class='ocrx_word' id='word_1_255' title='bbox 2349 4202 2596 4271; x_wconf 77' lang='lat' dir='ltr'>adhibet,</span> 
     </span>
     <span class='ocr_line' id='line_1_37' title="bbox 355 4289 2594 4365; baseline 0.001 -19"><span class='ocrx_word' id='word_1_256' title='bbox 355 4309 521 4365; x_wconf 80' lang='lat' dir='ltr'>quam</span> <span class='ocrx_word' id='word_1_257' title='bbox 562 4292 753 4347; x_wconf 88' lang='lat' dir='ltr'>eodem</span> <span class='ocrx_word' id='word_1_258' title='bbox 792 4291 973 4356; x_wconf 89' lang='lat' dir='ltr'>modo,</span> <span class='ocrx_word' id='word_1_259' title='bbox 1031 4308 1135 4361; x_wconf 90' lang='lat' dir='ltr'>qno</span> <span class='ocrx_word' id='word_1_260' title='bbox 1174 4290 1447 4345; x_wconf 78' lang='lat' dir='ltr'>larvarum</span> <span class='ocrx_word' id='word_1_261' title='bbox 1499 4307 1756 4347; x_wconf 80' lang='lat' dir='ltr'>ascensus</span> <span class='ocrx_word' id='word_1_262' title='bbox 1792 4289 2026 4357; x_wconf 38' lang='lat' dir='ltr'>formati,</span> <span class='ocrx_word' id='word_1_263' title='bbox 2054 4298 2203 4357; x_wconf 84' lang='lat' dir='ltr'>sunt,</span> <span class='ocrx_word' id='word_1_264' title='bbox 2261 4292 2594 4361; x_wconf 80' lang='lat' dir='ltr'>composuit.</span> 
     </span>
     <span class='ocr_line' id='line_1_38' title="bbox 353 4378 2594 4450; baseline -0 -15"><span class='ocrx_word' id='word_1_265' title='bbox 353 4380 567 4435; x_wconf 75' lang='lat' dir='ltr'>Helena</span> <span class='ocrx_word' id='word_1_266' title='bbox 624 4388 801 4435; x_wconf 79' lang='lat' dir='ltr'>mater</span> <span class='ocrx_word' id='word_1_267' title='bbox 856 4384 923 4443; x_wconf 86' lang='lat' dir='ltr'>(v.</span> <span class='ocrx_word' id='word_1_268' title='bbox 963 4380 1064 4433; x_wconf 74' lang='lat'>871</span> <span class='ocrx_word' id='word_1_269' title='bbox 1108 4381 1249 4450; x_wconf 72' lang='lat' dir='ltr'>sqq.)</span> <span class='ocrx_word' id='word_1_270' title='bbox 1319 4378 1467 4433; x_wconf 79' lang='lat' dir='ltr'>filiae</span> <span class='ocrx_word' id='word_1_271' title='bbox 1522 4395 1792 4447; x_wconf 74' lang='lat' dir='ltr'>apparens</span> <span class='ocrx_word' id='word_1_272' title='bbox 1851 4395 1910 4433; x_wconf 86' lang='lat' dir='ltr'>se</span> <span class='ocrx_word' id='word_1_273' title='bbox 1949 4378 2158 4434; x_wconf 83' lang='lat' dir='ltr'>Venere</span> <span class='ocrx_word' id='word_1_274' title='bbox 2215 4380 2594 4434; x_wconf 74' lang='lat' dir='ltr'>consentiente</span> 
     </span>
     <span class='ocr_line' id='line_1_39' title="bbox 354 4467 2598 4538; baseline 0 -13"><span class='ocrx_word' id='word_1_275' title='bbox 354 4476 572 4538; x_wconf 80' lang='lat' dir='ltr'>raptam</span> <span class='ocrx_word' id='word_1_276' title='bbox 612 4485 730 4525; x_wconf 83' lang='lat' dir='ltr'>esse</span> <span class='ocrx_word' id='word_1_277' title='bbox 768 4467 931 4533; x_wconf 79' lang='lat' dir='ltr'>dicit3</span> <span class='ocrx_word' id='word_1_278' title='bbox 970 4467 1068 4523; x_wconf 79' lang='lat' dir='ltr'>sed</span> <span class='ocrx_word' id='word_1_279' title='bbox 1092 4467 1233 4522; x_wconf 74' lang='lat' dir='ltr'>hanc</span> <span class='ocrx_word' id='word_1_280' title='bbox 1272 4472 1335 4523; x_wconf 92' lang='lat' dir='ltr'>ut</span> <span class='ocrx_word' id='word_1_281' title='bbox 1371 4469 1525 4523; x_wconf 76' lang='lat' dir='ltr'>vivae</span> <span class='ocrx_word' id='word_1_282' title='bbox 1565 4468 1804 4537; x_wconf 84' lang='lat' dir='ltr'>speciem</span> <span class='ocrx_word' id='word_1_283' title='bbox 1843 4471 2082 4523; x_wconf 72' lang='lat' dir='ltr'>tractare</span> <span class='ocrx_word' id='word_1_284' title='bbox 2119 4481 2299 4523; x_wconf 88' lang='lat' dir='ltr'>meum</span> <span class='ocrx_word' id='word_1_285' title='bbox 2337 4482 2446 4521; x_wconf 89' lang='lat' dir='ltr'>non</span> <span class='ocrx_word' id='word_1_286' title='bbox 2485 4471 2598 4525; x_wconf 79' lang='lat' dir='ltr'>est.</span> 
     </span>
    </p>
   </div>
  </div>
 </body>
</html>
