3242 5059
1268 388 1529 453 —75
1620 425 1718 459 -,.

362 584 531 649 mihi
578 584 847 666 videtur,
894 603 1279 669 quamquam
1304 586 1521 651 eadem
1544 586 1796 667 ,ratione
1845 588 2231 670 specttorum
2277 605 2606 654 ascensum

372 709 518 757 cum
568 691 812 759 actione
860 692 1257 775 praecedenti
1304 692 1573 757 conectit
1620 711 1744 777 qua
1777 692 2098 777 Vergilius
2132 693 2416 759 Hectoris
2463 712 2612 761 um«.

375 799 557 863 bram
608 817 767 881 quae
844 801 982 881 post
1052 798 1266 882 epulas
1314 800 1376 863 et
1422 800 1779 863 convivium
1829 801 2072 869 Aeneae
2118 800 2379 884 apparet
2426 801 2616 881 (Asn.;

369 905 431 969 11
474 906 623 985 265,
674 907 800 970 268
850 908 1044 989 sqq.);
1094 906 1185 970 sic
1231 906 1383 971 item
1432 906 1697 972 Rufinus
1746 909 1890 971 ante
1919 906 2086 973 illud
2121 907 2434 973 somnium
2460 925 2613 981 con·-¹

371 1011 540 1077 vivia
587 1011 861 1077 celebrat
906 1015 989 1095 (v,
1025 1013 1153 1076 320
1204 1031 1318 1096 sqq
1351 1012 1415 1093 ¹).
1496 1013 1836 1095 Hannibal,
1886 1013 2259 1098 priusquam
2294 1012 2611 1098 legatione

369 1119 435 1183 in
486 1119 766 1184 Africam
814 1121 1137 1185 rovocetur
1184 1118 1319 1201 (Sil.
1368 1120 1549 1184 XVII
1588 1121 1712 1184 160
1745 1118 1990 1207 sqq.)-²)‚
2039 1118 2106 1184 in
2152 1119 2414 1185 somniis
2461 1120 2605 1185 Fla·

369 1226 561 1291 minii
608 1225 1001 1315 aliorumque
1046 1227 1302 1291 umbras
1336 1226 1613 1310 aspicere
1646 1228 1768 1291 sibi
1815 1226 2104 1308 videtur3
2160 1228 2427 1313 utroque
2473 1227 2618 1319 loco¹

368 1336 673 1419 apparent
743 1352 956 1399 eorum
1004 1333 1285 1413 umbrae,
1351 1334 1460 1416 qui
1505 1352 1617 1416 per
1657 1333 1784 1403 vim
1832 1335 1911 1399 ab
1960 1353 2050 1412 eo,
2100 1333 2203 1400 cui
2250 1335 2605 1427 occurrunt,

366 1440 687 1505 interiecti
732 1442 903 1519 sunt,
951 1441 1216 1524 utroque
1263 1441 1397 1506 loco
1462 1442 1607 1505 ante
1653 1460 1786 1507 rem
1845 1440 2160 1525 quandam
2209 1441 2426 1526 magni
2470 1460 2626 1523 mo-i·x
2700 1468 2712 1479 ·

364 1548 569 1612 menti
640 1548 1007 1628 ascendunt,
1078 1550 1344 1631 utroque
1416 1546 1549 1612 loco
1597 1567 1696 1613 res
1752 1548 2041 1614 adversas
2089 1549 2474 1633 portendunt
2521 1583 2618 1601 —-

372 1673 755 1739 quamquam
788 1654 956 1739 apud
990 1654 1412 1720 Claudianum
1445 1653 1816 1738 ambiguum
1853 1657 2241 1739 specttorum
2287 1653 2618 1746 oraculum,

368 1761 639 1827 Rufinus
685 1780 1051 1845 prosperum
1101 1762 1276 1826 ducit
1322 1788 1443 1842 -3
1491 1764 1810 1845 praeterea
1843 1781 2054 1827 versus
2103 1762 2232 1827 326
2279 1780 2445 1851 sqq.=
2550 1830 2554 1837 ,
2603 1744 2610 1755 ’

591 1868 697 1931 ille
742 1869 856 1933 diu
899 1870 1111 1933 curie
1156 1870 1491 1931 animum
1533 1868 2121 1933 stimulantibus
2167 1888 2391 1953 aeqer
2435 1850 2439 1857 ’

584 1974 876 2038 labitur
920 1977 999 2037 in
1042 1995 1361 2052 somno&
1410 1976 1519 2039 vix
1562 1985 1683 2037 toto
1727 1975 1906 2039 corde
1951 1978 2252 2062 quierat

583 2078 795 2161 ecce⁸)
841 2081 1064 2146 videt.
1095 2131 1109 2145 .
1138 2130 1153 2147 .
1390 2068 1396 2072 ⁸

368 2187 690 2253 simillimi
738 2189 889 2254 sunt
935 2190 1218 2254 versibus
1276 2190 1397 2253 160
1430 2208 1523 2273 sq.
1571 2189 1770 2272 apud
1790 2188 2051 2255 Silium.

584 2305 637 2359 et
680 2295 859 2379 fera
906 2296 1178 2359 ductoris
1223 2295 1640 2359 turbabant
1683 2298 1985 2361 somnia
2029 2307 2344 2361 mentem

582 2424 847 2487 namque
890 2405 1155 2489 yravis
1200 2404 1410 2465 curie
1454 2406 1719 2487 carpit
1782 2404 1933 2465 dum
1977 2414 2148 2467 nocte
2207 2403 2624 2490 quietemq..

553 2509 623 2573 In
673 2529 769 2574 vv,
822 2510 949 2575 436
986 2529 1122 2595 sqq.
1174 2512 1249 2575 de
1282 2511 1541 2577 Tartaro
1590 2510 1872 2594 loquitur
1917 2515 2134 2593 poeta·
2183 2511 2482 2577 Rufinum
2530 2511 2610 2577 ad

370 2618 551 2681 lacus
621 2616 899 2681 infernos
948 2617 1282 2682 adeuntem
1357 2619 1614 2682 umbrae
1663 2618 1741 2682 ab
1812 2618 1948 2701 ipso
1995 2620 2458 2703 peremptorum
2527 2619 2618 2709 ad*

361 2726 470 2785 ius
516 2722 855 2807 rapiunffl).
962 2723 1234 2789 Omnino
1308 2725 1489 2808 poeta
1537 2725 1969 2807 compluribus
2040 2726 2195 2803 locis
2245 2724 2320 2790 de
2391 2725 2620 2817 inferis⁸

372 2831 680 2914 loquitur,
752 2830 1067 2916 imprimis
1118 2832 1181 2895 in
1243 2850 1312 2895 eo
1360 2832 1659 2912 carmine,
1729 2833 1896 2915 quod
1955 2831 2324 2897 inscribitur
2370 2832 2624 2916 Raptus²

364 2938 811 3021 Proserpinae.

561 3116 600 3185 ¹)
643 3115 969 3171 Locutiones
994 3116 1341 3187 Vergilianas
1371 3116 1648 3185 congessit
1674 3115 1880 3172 Bittius
1907 3124 1982 3187 (p.
2007 3116 2118 3184 46).
2153 3116 2400 3186 Exempli
2443 3114 2612 3172 causa

374 3205 481 3259 hos
517 3204 663 3259 inter
689 3222 747 3259 se
798 3204 1004 3259 similes
1041 3219 1230 3260 vversus
1278 3204 1479 3258 affero:
1527 3203 1800 3274 Vergilius
1853 3206 2045 3261 scribit
2101 3203 2257 3273 (Aen.
2283 3204 2340 3259 11
2378 3206 2483 3262 268
2507 3208 2617 3274 sq.)

561 3290 784 3366 Tempus
833 3296 954 3351 erat
1000 3290 1101 3364 q'uo
1147 3296 1420 3367 prima
1468 3296 1702 3363 quiec
1755 3295 2266 3351 mortalibus!
2308 3297 2625 3367 πορν-ἐι·

552 3386 735 3455 incipit

369 3478 435 3529 et
474 3472 807 3530 Claudianus
846 3474 919 3543 (v.
956 3473 1086 3541 324)

764 3572 1127 3633 coeperat
1164 3565 1516 3618 humanos
1554 3566 1661 3619 alto
1697 3566 1868 3636 sopire
1903 3565 2213 3620 labores

766 3670 909 3707 nom
942 3655 1138 3725 yremio

553 3740 597 3809 ²)
636 3740 719 3796 Cf.
758 3758 925 3812 supra
960 3758 1013 3811 p.
1037 3740 1122 3797 68.

552 3829 601 3895 ⁸)
637 3830 794 3885 Hanc
829 3829 1160 3885 locutionem
1198 3832 1255 3885 in
1282 3831 1532 3886 Hectoris
1569 3830 1762 3886 umbra
1799 3790 1983 3911 (Verg.
2024 3831 2155 3911 Aen.
2194 3832 2252 3887 11
2289 3832 2415 3901 270)
2454 3837 2512 3889 et
2548 3833 2607 3889 in

364 3917 555 3990 Hylae
591 3936 819 3974 ascensu
858 3917 1001 3985 (val.
1041 3918 1220 3975 Flacc.
1257 3919 1334 3975 IV
1372 3920 1463 3983 ⁶22)
1497 3920 1778 3976 habemus.

554 4007 603 4076 ⁴)
638 4007 803 4062 Haud
840 4008 953 4062 scio
1014 4025 1083 4063 an
1122 4006 1423 4063 Claudiano
1460 4006 1712 4064 Valerius
1775 4014 1904 4065 ante
1960 4009 2149 4065 oculos
2207 4014 2455 4066 versatus
2513 4005 2628 4076 sit,'

374 4096 531 4167 apud
569 4113 728 4169 quem
766 4097 836 4164 (V
874 4096 947 4153 88
970 4097 1113 4169 sqq.)
1152 4097 1375 4153 umbrae
1415 4099 1700 4169 cupientes
1738 4098 2086 4169 Argonautas
2145 4100 2390 4171 aspicere
2446 4116 2610 4157 unum

371 4202 444 4243 ex
480 4186 548 4240 iis
586 4186 834 4253 mittunt,
896 4186 1238 4257 Sthenelum
1302 4186 1558 4243 similiter
1606 4190 1757 4244 dirae
1793 4190 2004 4245 umbrae
2059 4192 2300 4245 madunt
2337 4190 2610 4260 Rufinum,

360 4294 589 4347 quarum
625 4293 757 4345 quae
793 4277 989 4330 clarior
1022 4294 1130 4331 una
1164 4277 1278 4331 visa
1313 4278 1453 4345 loqui
1486 4279 1581 4332 eet.

552 4364 599 4432 ⁸)
637 4364 809 4431 Quem
867 4364 1045 4418 locum
1103 4371 1478 4435 perscrutatus
1536 4371 1623 4421 est
1662 4366 1908 4438 Ettigius
1968 4367 2006 4423 1.
2036 4323 2105 4425 i·
2123 4386 2178 4438 p.
2215 4367 2318 4425 387
2373 4369 2454 4439 (et
2486 4349 2617 4426 365⁸

366 4454 476 4511 865
515 4458 630 4511 not.
670 4454 745 4523 2).
2316 4494 2322 4499 .
