3242 5059
1593 401 2033 467 ..14-

1014 579 1132 643 εὕὸ
1155 579 1278 643 οιτ’
1327 578 1416 657 ἄν,
1463 582 1575 665 ὠή,
1624 580 1721 643 καὶ
1766 580 2174 645 καθευδουσῶν
2220 579 2278 641 τί
2318 580 2423 659 δεῖ;

1015 686 1163 772 ἐγὼ
1228 686 1415 773 ὃ’ὑφ’
1462 687 1649 770 ὑμῶν
1697 688 1810 751 ὧδ’
1860 685 2401 772 ἀπητιμασμένη

1015 791 1328 859 ἄλλοισιν
1375 794 1443 857 ἐν
1489 797 1872 878 νεκροῖσιν,
1923 794 2013 856 ὧν
2061 794 2185 877 μὲν
2232 790 2514 857 ἔκτανον

1016 898 1230 993 ὄνειδος
1275 902 1333 965 ἐν
1381 902 1658 987 φθιτοῖσιν
1704 901 1809 967 οὐκ
1854 902 2190 977 ἐκλείπεται,

1013 1007 1335 1094 αἰσχρῶς
1380 1007 1723 1093 δ’ἀλῶμαι
1771 1055 1787 1071 .
1839 1061 1852 1074 .
1904 1057 1919 1073 .
2678 1062 2685 1070 .

685 1136 854 1205 *quae
900 1118 1266 1198 sententiae,
1338 1136 1723 1202 quamquam
1791 1114 1996 1181 εὕδοιτ’
2070 1114 2139 1179 ἄν
2207 1114 2441 1180 ironice
2514 1114 2754 1178 dictum
2825 1116 2945 1195 est,

695 1225 794 1290 his
843 1225 1119 1295 Patrocli
1165 1225 1370 1290 verbis
1421 1224 1661 1290 similes
1711 1238 1859 1289 sunt
1910 1223 1997 1309 (Ψ
2045 1245 2100 1288 v.
2138 1224 2219 1288 69
2270 1225 2473 1305 sqq.):

907 1328 1025 1395 εὖὸ
1043 1354 1150 1409 εις,
1198 1330 1382 1415 αὐτὰρ
1430 1332 1588 1415 ἐμεῖο
1636 1330 1981 1415 λελασμένος
2024 1328 2220 1412 ἔπλευ,
2254 1328 2530 1415 Ἀχιλλεῦ

907 1437 982 1502 οὔ
1032 1438 1152 1521 μέν
1200 1461 1320 1522 μευ
1369 1441 1674 1516 ζώοντος
1724 1438 2025 1523 ἀκήδεις,
2073 1437 2247 1501 ἀλλὰ
2294 1435 2641 1505 θανόντος

701 1548 763 1611 et
809 1550 898 1629 (v.
949 1548 1032 1609 72
1083 1549 1270 1630 sqq.):

909 1652 1049 1736 τῆλέ
1097 1652 1422 1737 μ’ἐέργουσι
1465 1652 1651 1738 ψυχαὶ
1696 1650 1913 1716 εἴδωλα
1958 1651 2256 1736 καμόντων

908 1759 1043 1823 οὐδέ
1091 1758 1164 1843 με’
1208 1784 1300 1822 πω
1351 1760 1651 1842 μίσγεσθαι
1701 1760 1840 1843 ὑπὲρ
1887 1765 2162 1843 ποταμοῖο
2209 1760 2395 1839 ἐῶσιν,

909 1866 1038 1930 ἀλλ’
1087 1864 1276 1936 αὔτως
1322 1866 1690 1949 ἀλάλημαι
1735 1866 1823 1930 ἀν’
1873 1866 2186 1950 εὐρυπυλὲς
2219 1863 2429 1933 Ἀιδος
2474 1863 2579 1929 δῶ.

871 1974 1078 2039 Larva
1122 1974 1262 2059 ipsa
1305 1974 1579 2059 figuram
1628 1994 1805 2039 suam
1855 1974 2156 2039 describit
2204 1992 2384 2038 versu
2432 1973 2661 2056 (103):

911 2082 1086 2165 ὁρᾶτε
1130 2081 1352 2165 πληγὰς
1396 2082 1570 2145 τάσδε
1615 2081 1847 2164 καρδίας
1894 2079 2045 2158 ὅθεν,

699 2185 873 2251 etin
920 2187 1148 2253 ultimo
1221 2187 1520 2253 orationis
1592 2206 1773 2252 versu
1843 2189 1925 2269 (v,
1982 2188 2153 2267 116),
2224 2205 2381 2269 quae
2453 2185 2559 2266 sit,
2629 2183 2942 2267 exprimit.

697 2294 1016 2374 Quasdam
1090 2293 1291 2378 igitur
1345 2294 1691 2359 locutiones
1770 2314 1841 2358 ex
1910 2293 2228 2377 epicorum
2275 2292 2637 2358 ascensibus
2698 2291 2763 2355 in
2811 2292 2942 2354 tra-

697 2401 951 2484 goedias
999 2401 1251 2466 fluxisse
1297 2398 1606 2466 videmus,
2290 2410 2297 2423 ‘

877 2508 968 2573 De
1041 2508 1337 2593 Aeschyli
1419 2507 1829 2592 Ψυχαγωγοῖς,
1897 2526 2021 2591 qua
2069 2508 2131 2571 in
2182 2507 2507 2590 tragoedia
2556 2504 2823 2582 Ulixem,
2870 2506 2947 2568 ut

699 2615 868 2698 apud
915 2616 1278 2697 Homerum,
1329 2614 1725 2705 descendisse
1771 2614 2083 2679 Tiresiam
2132 2615 2207 2677 de
2240 2614 2449 2677 reditu
2497 2611 2941 2677 consulturum

702 2724 944 2787 constat
970 2722 1034 2804 ¹),
1083 2722 1247 2786 nihil
1296 2722 1512 2802 habeo,
1562 2721 1729 2803 quod
1777 2721 2004 2786 dicam.

883 2829 1068 2914 Apud
1107 2828 1486 2911 Aeschylum
1521 2847 1749 2911 genera
1782 2829 2171 2911 spectrorum
2208 2826 2381 2891 varia
2414 2827 2581 2907 sunt,
2633 2826 2703 2898 ut
2736 2825 2941 2890 somni

704 2936 942 3020 species
1011 2939 1263 3002 narrata
1311 2937 1513 3020 (Pers,
1593 2956 1650 3002 v,
1708 2938 1830 3001 198
1880 2936 2071 3019 sqq.),
2122 2935 2397 2999 evocatio
2445 2936 2526 3016 (v.
2578 2934 2701 2997 597
2757 2934 2943 3016 sqq.),

703 3045 880 3109 larva
926 3062 1119 3127 agens
1167 3043 1523 3127 (Eumenid.
1573 3063 1629 3107 v.
1682 3045 1765 3108 94
1814 3046 2005 3128 sqq.),

884 3151 976 3216 De
1021 3152 1395 3232 Sophoclis
1445 3151 1707 3233 spectris
1755 3169 1879 3214 non
1927 3148 2202 3213 multum
2264 3150 2529 3227 constat,
2576 3148 2941 3230 praesertim

701 3278 843 3324 cum
894 3276 1108 3322 earum
1155 3258 1646 3343 tragoediarum,
1694 3256 1761 3320 in
1812 3255 2041 3339 quibus
2092 3256 2350 3320 umbrae
2398 3257 2723 3341 apparent,
2776 3253 2935 3318 nihil

702 3364 829 3429 nisi
905 3365 1258 3448 fragmenta
1339 3364 1418 3428 ad
1490 3383 1598 3429 nos
1670 3363 2083 3446 pervenerint.
2178 3362 2449 3427 Achillis
2519 3363 2809 3427 umbram
2876 3362 2943 3426 in

704 3471 1054 3554 Dolopibus
1126 3471 1223 3536 vel
1271 3470 1582 3536 Phoenice
1652 3468 1916 3534 actionis
1966 3470 2199 3534 nodum
2270 3469 2529 3534 solvisse
2588 3468 2874 3534 Welcker
2898 3466 2945 3549 ²)

701 3577 905 3661 putat,
952 3577 1062 3642 sed
1109 3596 1207 3642 res
1255 3576 1677 3642 incertissima
1724 3578 1838 3642 est.
1998 3662 2000 3667 .

881 3682 1158 3749 Certiora
1207 3683 1283 3748 de
1331 3682 1599 3748 Achillis
1648 3683 1825 3747 larva
1869 3682 1932 3746 in
1985 3681 2295 3764 Polyxena
2312 3679 2360 3765 ⁸)
2414 3681 2686 3746 statuere
2718 3700 2938 3764 possu-

702 3809 863 3857 mus,
930 3791 1229 3856 Umbram
1266 3810 1336 3854 ex
1366 3790 1586 3853 inferis
1636 3789 1905 3853 evasisse
1951 3782 2263 3852 testantur
2324 3787 2741 3870 Apollodorus
2792 3786 2945 3871 (περὶ

703 3897 860 3962 θεῶν
930 3897 994 3961 in
1068 3897 1320 3962 Stobaei
1390 3897 1501 3960 ecl.
1554 3896 1602 3976 Ι,
1654 3893 1951 3975 41‚50)³)
2022 3898 2084 3957 et
2152 3895 2581 3979 fragmentum
2628 3895 2757 3959 480
2806 3893 2861 3957 N
2876 3894 2946 3975 ³),

702 4003 771 4069 in
819 4023 942 4087 quo
990 4002 1271 4069 Achilles
1318 4002 1634 4087 loquitur:

888 4111 929 4179 ι)
968 4109 1052 4165 Cf.
1089 4109 1358 4179 Ettigium
1393 4109 1430 4163 l.
1469 4108 1505 4163 l.
1543 4123 1596 4177 p.
1626 4107 1746 4162 291.
1927 4142 1931 4146 Α

880 4197 924 4266 ⁸)
967 4198 1183 4254 Griech.
1220 4196 1459 4267 Τι’ἰὶςὸᾶ.
1514 4214 1565 4267 p.
1611 4196 1712 4251 144
1751 4212 1855 4267 sqq
1876 4237 1891 4265 ,
1956 4197 2051 4267 qui
2095 4195 2255 4251 illum
2292 4195 2511 4251 Arriani
2550 4194 2755 4265 (Epict.
2797 4194 2953 4249 Diu.

700 4288 746 4357 1,
785 4288 876 4356 28)
914 4287 1093 4343 locum
1119 4287 1309 4343 affort:
1347 4286 1431 4338 καὶ
1470 4284 1589 4337 ποία
1624 4284 1876 4357 τραγῳδία
1912 4284 2071 4357 ἄλλην
2110 4284 2271 4357 ἀρχὴν
2294 4284 2421 4357 ἔχει;
2461 4282 2665 4353 Ἀτρεὺς
2678 4280 2950 4355 Εὐριπίδου

700 4377 746 4429 τί
785 4377 915 4443 ἐστις
969 4375 1026 4429 τὸ
1065 4376 1379 4448 φαινόμενον·
1442 4368 1676 4431 Οἰδίπους
1715 4372 2025 4445 Σοφοκλέους
2061 4379 2107 4427 τί
2144 4374 2263 4440 ἐστι;
2300 4373 2357 4426 τὸ
2396 4373 2711 4445 φαινόμενον·
2754 4368 2949 4439 Φοίνιξ;

701 4466 758 4519 τὸ
797 4467 1110 4537 φαινόμενον·
1175 4458 1503 4531 ‘Immotum
1541 4462 1598 4517 τὸ
1638 4462 1948 4535 φαινόμενον.

883 4554 930 4625 ⁸)
971 4553 1052 4612 Cf.
1091 4554 1439 4609 Foersterum
1477 4552 1512 4607 l.
1552 4553 1588 4607 l.
1626 4570 1679 4623 p.
1723 4552 1842 4621 196,
1885 4553 1927 4608 1.
