3242 5059
1301 420 1557 489 ..Μ
1657 454 1741 471 -

397 615 624 684 tollere
698 617 760 685 et
827 641 1076 686 accenso
1143 621 1415 702 sepulcro
1471 620 1748 705 furialis
1815 631 1977 684 stare
2046 619 2312 709 videtur.
2431 619 2507 685 Se
2564 640 2637 685 ex

399 729 666 795 Tartaro
738 728 982 794 venisse
1051 728 1228 808 dicit,
1299 728 1413 793 ubi
1471 715 1848 794 Eumenides
1918 727 2084 793 faces
2155 726 2509 811 quatientes
2576 729 2639 792 et

400 833 777 900 Charontem
809 837 1044 900 multas
1069 855 1259 901 naves
1287 836 1805 918 parantem,quae
1838 835 2328 911 innumerabiles
2359 838 2638 900 mortuos

393 943 744 1025 reciperent
764 944 836 1026 ¹),
913 944 1190 1008 vidisset.
1307 944 1474 1007 Dum
1540 941 1876 1025 Pompeius
1950 961 2093 1007 cum
2140 942 2309 1009 Iulia
2376 942 2639 1027 coniuge

398 1048 680 1130 vixisset,
752 1051 1005 1115 beatum
1056 1068 1199 1115 eum
1269 1049 1464 1114 fuisse
1522 1068 1906 1133 magnosque
1972 1048 2324 1133 triumphos
2394 1048 2637 1131 tulisse,

410 1155 702 1221 Cornelia
750 1177 937 1223 uxore
987 1157 1172 1221 ducta
1224 1156 1385 1221 nihil
1436 1155 1560 1221 nisi
1607 1176 1705 1222 res
1752 1156 2043 1223 advers-as
2092 1157 2149 1221 ei
2197 1156 2503 1237 accidere3
2575 1175 2640 1221 se

401 1278 649 1346 semper
681 1265 736 1329 ei
769 1263 992 1329 terrori
1025 1264 1304 1329 futuram
1340 1283 1410 1328 ac
1444 1262 1883 1329 minitaturam
1910 1282 2060 1329 esse.
2128 1264 2299 1330 Haec
2323 1264 2433 1331 ubi
2458 1263 2639 1345 dixit,

2033 1419 2048 1434 .
2078 1418 2093 1436 .
2123 1371 2383 1457 ,reficyit

716 1477 933 1541 umbra
979 1498 1092 1561 per
1135 1477 1456 1561 amplexus
1502 1478 1731 1561 trepidi
1778 1477 2029 1561 dilapsa
2074 1480 2293 1541 mariti
2312 1476 2377 1561 ²).

583 1584 716 1649 Hoc
747 1584 881 1649 loco
927 1586 1102 1649 larva
1135 1585 1414 1669 apparet,
1463 1585 1534 1649 ut
1581 1584 1643 1648 et
1672 1586 1903 1649 terreat
1950 1590 2011 1649 et
2043 1584 2437 1667 vaticinetur,
2468 1604 2638 1667 quas

404 1692 749 1775 apparendi
799 1710 1017 1757 causas
1066 1692 1193 1757 iam
1242 1692 1408 1775 apud
1457 1690 1694 1774 priores
1741 1692 1956 1775 poetas
2004 1692 2382 1759 invenimus
2448 1692 2642 1757 Poeta

399 1797 522 1861 hoc
567 1798 904 1863 simulacro
951 1816 1102 1863 usus
1153 1799 1266 1875 est,
1316 1799 1388 1861 nt
1435 1798 1514 1877 ei,
1561 1796 1673 1879 qui
1717 1798 1925 1863 scelus
1973 1798 2310 1879 commisit,
2379 1817 2641 1882 poenam

400 1905 673 1970 dandam
745 1924 876 1970 esse
925 1906 1400 1971 demonstraret.
1496 1904 1657 1969 Nam
1732 1902 2065 1987 Pompeius
2135 1904 2363 1987 prioris
2433 1904 2641 1969 uxoris

399 2012 574 2076 brevi
626 2013 862 2077 oblitus
897 2013 1154 2078 alteram
1209 2012 1488 2076 duxerat.
1554 2012 1884 2076 Praeterea
1914 1998 2117 2093 poeta,
2167 2013 2237 2076 ut
2268 2011 2437 2075 infra
2467 2012 2636 2076 vide-

397 2118 634 2200 bimus,
693 2138 838 2184 cum
888 2118 1104 2202 gravia
1154 2118 1520 2201 impendent
1573 2154 1653 2164 —
1702 2118 1817 2183 hoc
1865 2116 1998 2182 loco
2044 2116 2285 2183 bellum
2334 2118 2523 2183 civile
2564 2155 2633 2165 —

397 2224 554 2289 talia
599 2225 890 2308 prodigia
947 2228 1008 2289 et
1055 2227 1442 2291 mortuorum
1515 2224 1757 2291 animas
1828 2226 2197 2309 apparentes
2270 2226 2641 2309 plerumque

397 2332 482 2395 ad
529 2332 919 2398 calamitates
967 2335 1030 2397 et
1075 2352 1170 2397 res
1221 2332 1510 2397 adversas
1581 2331 2031 2415 praedicendas
2106 2332 2402 2398 adhibere
2462 2332 2640 2397 solet.

399 2438 694 2503 Formam
775 2440 1070 2504 usitatam
1143 2439 1379 2523 'spectri
1457 2457 1749 2503 ascensus
1826 2439 2164 2505 habemus:
2257 2458 2367 2523 pro
2444 2438 2642 2505 noctis

403 2545 824 2630 descriptione
873 2548 1286 2612 somniantem
1335 2547 1625 2630 depingit
1662 2548 1844 2629 poeta
1876 2546 1974 2610 his
2009 2546 2293 2613 versibus
2324 2550 2405 2627 (v.
2434 2546 2639 2630 Ssq.):

600 2648 606 2653 ’
722 2656 870 2718 inde
913 2656 1114 2740 sopori
1113 2655 1247 2740 fero
1291 2666 1592 2717 cessemnt
1641 2654 1941 2739 lanyuida
1986 2670 2194 2718 somno

721 2761 995 2825 membra
1039 2763 1232 2843 ducis,
1355 2774 1358 2779 “
1878 2837 1886 2847 ,

401 2888 530 2951 qna
598 2869 756 2932 facie
805 2888 1049 2953 quoque
1121 2869 1316 2933 animi
1388 2869 1563 2933 motu
1636 2868 1753 2932 sit·
1788 2868 2173 2950 mostellum,
2245 2867 2641 2951 depingitur;

397 2976 565 3041 illud
634 2987 818 3051 caput
883 2988 1186 3039 maestum
1257 2996 1367 3059 par
1437 2982 1532 3041 est
1601 2974 1855 3040 Hectori
1924 2974 2342 3039 maestissimo
2455 2974 2641 3057 (Aen.

395 3082 640 3148 11270
689 3084 750 3147 et
796 3083 1028 3149 Lucan.
1078 3085 1108 3148 I
1165 3085 1354 3163 187);
1426 3084 1653 3147 umbra
1723 3082 2003 3146 ascendit
2076 3100 2145 3146 ex
2222 3079 2467 3149 tumulo
2528 3099 2646 3163 per

394 3189 643 3253 hiantes
713 3202 930 3271 terras,
1003 3190 1168 3274 quod
1239 3209 1312 3254 ex
1383 3190 1652 3253 Homero
1720 3191 1781 3269 (λ
1854 3188 2039 3271 36)3)
2129 3186 2295 3254 haud
2368 3186 2495 3252 scio
2564 3206 2642 3253 an

405 3297 732 3379 sumptum
803 3298 888 3361 sit
935 3297 1031 3361 vel
1102 3316 1172 3361 ex
1230 3295 1456 3361 Ovidio
1525 3297 1628 3361 vel
1685 3293 1933 3376 Seneca,
2007 3313 2151 3359 nam
2222 3294 2386 3377 apud
2457 3293 2643 3360 illurn

399 3404 685 3469 Achilles
733 3405 914 3488 (Met.
950 3404 1105 3471 xm
1145 3406 1299 3485 442)
1348 3404 1729 3487 Polyxenam
1764 3402 2079 3485 flagitans,
2128 3402 2254 3465 exit
2296 3400 2482 3463 humo
2528 3401 2647 3464 late

396 3522 612 3595 rupta,
659 3512 823 3594 apud
859 3511 1045 3591 hunc,
1093 3509 1222 3593 qui,
1273 3510 1346 3574 ut
1391 3529 1578 3592 supra
1596 3509 1649 3593 ⁴)
1688 3508 1982 3589 vidimuS,
2032 3508 2107 3572 ab
2138 3505 2362 3571 Ovidio
2394 3507 2644 3590 pendet,

399 3617 784 3701 Talthybius
842 3617 1088 3699 (Troad.
1147 3636 1204 3682 ν.
1265 3617 1385 3680 179
1420 3618 1561 3698 sq.),
1634 3615 1938 3697 quomodo
1993 3613 2258 3679 Achillis
2330 3615 2643 3697 spectrum

398 3724 778 3806 ascenderit,
825 3724 1126 3789 describit
1173 3723 1272 3788 his
1322 3723 1640 3787 versibus:

592 3955 632 4025 ¹)
670 3954 754 4011 Cf.
792 3972 956 4026 supra
993 3973 1045 4026 p.
1085 3956 1152 4007 43
1191 3961 1303 4010 not.
1351 3956 1392 4008 l.

597 4041 640 4115 ²)
677 4044 827 4111 Quae
865 4045 1138 4099 sententia
1177 4042 1456 4097 simillima
1494 4044 1578 4096 est
1615 4040 1853 4095 Senecae
1889 4039 2113 4108 (Troad.
2151 4058 2201 4095 v.
2228 4040 2349 4096 459.
2388 4039 2454 4095 cf.
2482 4057 2648 4110 supra

399 4152 458 4205 p·
497 4134 634 4291 48·⁸)
673 4221 934 4291 Ettigiue,
973 4221 1009 4276 l.
1046 4221 1083 4276 1.
1131 4239 1192 4292 ¹p.
1222 4222 1376 4287 2935
1438 4220 1697 4277 adnotat:
1758 4222 1821 4277 ut
1874 4222 2009 4275 tollit
2054 4218 2287 4275 Tiresias
2340 4222 2397 4275 in
2438 4221 2649 4291 cyr-eyia

397 4313 613 4385 pictura
669 4313 782 4365 vasi
835 4313 1092 4381 inscripta
1147 4312 1212 4381 cs
1277 4309 1699 4365 Baumeisterum
1760 4310 1973 4365 Deukm.
2027 4329 2080 4380 p.
2132 4310 2275 4363 1040
2313 4330 2379 4356 =
2418 4308 2645 4364 Monam.

399 4400 537 4455 Inet.
575 4398 672 4462 11⁷,
710 4401 794 4453 19.

589 4485 972 4558 emam

2257 4573 2321 4626 ρ
