3242 5059
1051 1121 1576 1223 conspectus
1635 1122 1943 1203 libelli:

2453 1244 2557 1296 Pag

347 1342 350 1345 ⁴
383 1318 676 1370 Exordium
731 1355 2383 1373 ........................
2524 1323 2545 1368 1

1354 1459 1559 1529 caput
1594 1460 1643 1515 Ι.

557 1567 833 1629 Quomodo
861 1568 1158 1619 animarum
1201 1582 1455 1618 ascensus
1494 1566 1638 1634 apud
1675 1571 1869 1633 poetas
1906 1567 2105 1636 epicos,
2161 1568 2411 1635 tragicos,

379 1657 612 1709 comicos
652 1662 952 1711 tractentur
1017 1695 2382 1711 ....................
2521 1662 2553 1708 3

1342 1798 1547 1869 caput
1582 1798 1662 1854 11.

555 1906 638 1957 De
677 1908 972 1957 animarum
1014 1922 1334 1977 ascensuum
1371 1906 1661 1974 generibus

597 1999 642 2049 l.
681 1996 957 2057 Quomodo
991 2001 1185 2064 poetae
1224 1997 1522 2048 animarum
1561 2012 1817 2051 ascensus
1855 1996 2199 2051 adhibuerint
2228 2038 2241 2051 .
2299 2036 2312 2047 .
2371 2038 2384 2050 .
2485 2000 2553 2048 89

689 2102 736 2139 a.
777 2084 880 2145 Qui
917 2085 1164 2137 homines
1207 2090 1506 2152 appareant
1587 2126 1599 2137 .
1658 2123 1670 2135 .
1729 2124 1741 2135 .
1814 2112 1826 2124 ·
1872 2124 2169 2140 .....
2216 2114 2229 2126 ·
2298 2127 2313 2140 .
2370 2124 2382 2137 .
2484 2089 2554 2137 89

637 2168 642 2174 ’
682 2175 732 2229 b.
773 2175 924 2235 Quae
961 2176 1185 2226 umbrae
1222 2190 1486 2241 personae
1525 2178 1749 2241 agentes
1788 2176 1895 2227 sint
1943 2214 2382 2229 .......
2484 2179 2553 2227 92

683 2280 726 2316 c.
768 2264 919 2325 Quae
959 2271 1209 2315 narratae
1303 2302 2385 2319 ................
2484 2269 2554 2316 93

677 2352 729 2407 d.
767 2353 918 2414 Quae
957 2370 991 2403 a
1026 2357 1188 2419 poeta
1223 2353 1340 2419 ipso
1379 2357 1630 2405 narratae
1660 2390 2383 2407 ...........
2484 2356 2550 2404 94

683 2458 712 2492 e
771 2442 922 2503 Quae
980 2443 1234 2494 continua
1285 2442 1524 2495 oratione
1583 2442 1874 2509 loquantur
1940 2448 1994 2494 et
2049 2459 2189 2513 quae
2247 2443 2410 2496 inter·

768 2532 1046 2583 mittantur
1087 2570 2383 2588 ...................
2484 2538 2553 2585 94

685 2621 720 2673 f.
761 2620 912 2681 Quae
953 2638 1054 2673 non
1096 2622 1386 2689 loquantur
1441 2658 2381 2677 ..............
2482 2626 2553 2674 96

593 2712 643 2761 2.
682 2710 784 2770 Qui
842 2711 1140 2764 animarum
1180 2726 1437 2762 ascensus
1483 2711 1856 2762 obsecratione
1896 2714 2060 2778 atque
2100 2712 2410 2764 evocatione

687 2799 819 2851 fiant
856 2806 910 2850 et
948 2815 1088 2867 quae
1127 2804 1342 2867 spectra
1379 2815 1478 2851 sua
1515 2804 1705 2866 sponte
1744 2805 2047 2867 appareant
2154 2840 2166 2853 .
2226 2843 2237 2855 .
2297 2841 2308 2852 .
2367 2841 2380 2854 .
2481 2805 2552 2853 96

594 2892 642 2941 3.
683 2888 836 2949 Quae
873 2889 1058 2940 larvae
1097 2890 1150 2940 in
1189 2889 1410 2940 somniis
1443 2894 1727 2941 occurrant
1798 2928 2381 2945 .........
2482 2894 2553 2941 98

595 2983 645 3030 4.
685 2979 837 3040 Quae
876 2978 1098 3029 umbrae
1137 2994 1236 3030 sua
1274 2983 1367 3030 aut
1403 2978 1632 3029 aliorum
1670 2994 1836 3031 causa
1872 2979 2107 3032 evadant
2149 3021 2163 3034 .
2220 3021 2232 3032 .
2291 3021 2303 3032 .
2363 3021 2377 3034 .
2478 2983 2545 3031 99

594 3071 644 3123 5.
685 3068 837 3129 Quae
876 3068 1059 3119 larvae
1097 3067 1447 3136 vigilantibus
1485 3073 1785 3135 appareant
1868 3107 2166 3123 .....
2206 3099 2237 3121 ·.
2295 3110 2307 3122 .
2367 3110 2381 3123 .
2449 3072 2553 3120 100

381 3155 654 3207 Excursus
745 3158 771 3208 I
809 3158 892 3208 De
932 3157 1136 3225 necyiis
1175 3162 1229 3208 et
1267 3157 1667 3211 evocationibus
1721 3196 2375 3213 ..........
2444 3161 2543 3209 102

381 3244 655 3296 Excureus
715 3246 770 3297 II
806 3247 889 3297 De
927 3246 1175 3298 manibus
1215 3245 1527 3297 consolandi
1567 3262 1734 3298 causa
1772 3247 2158 3314 apparentibus
2226 3288 2239 3301 .
2297 3289 2309 3301 .
2366 3286 2380 3299 .
2450 3250 2551 3298 107

382 3334 652 3385 Excursus
689 3335 773 3387 111
812 3335 893 3386 De
932 3335 1212 3403 Eupolidis
1249 3336 1439 3387 Demis
1505 3374 2373 3391 .............
2443 3339 2544 3387 109
