3242 5059
1295 388 1735 455 ...53-

607 584 1025 669 tollentemque
1069 597 1255 669 caput
1283 586 1524 672 9elidas
1572 587 1837 649 Anienis
1874 586 1958 649 ad
2003 588 2213 653 undas

609 692 916 775 ayricolae
961 692 1250 757 Marium
1292 693 1492 775 fracto
1536 694 1753 778 fayore
1796 694 2109 777 sepulcrm

265 806 270 809 ’
373 800 538 861 ante
621 818 900 881 pugnam
971 798 1404 865 Pharsalicam
1481 800 1629 880 (VII
1680 802 1804 866 179
1854 802 2017 885 sqq.)
2062 801 2132 879 ii,
2206 800 2316 885 qui
2381 760 2641 885 Pompei

376 906 609 988 partes
658 909 1028 990 sequuntur,
1077 927 1220 971 cum
1269 907 1394 971 alia
1440 907 1730 990 prodigia
1775 907 1990 971 vident
2034 909 2205 973 tum:

610 1012 1118 1099 defuncto-efflue]
1153 1025 1366 1098 patres
1411 1026 1466 1077 et
1509 1024 1753 1078 cunctae
1796 1016 2129 1099 sanquinie
2174 1014 2428 1077 umbrae
2547 1072 2561 1111 ·.

603 1130 746 1183 ante
790 1114 988 1184 oculos
1035 1122 1285 1185 volitare
1328 1142 1500 1199 auor-13

377 1248 450 1310 et
504 1248 652 1329 post
695 1265 976 1331 pugnam
1024 1250 1104 1329 (v,
1159 1249 1284 1313 ‘168
1335 1250 1523 1332 sqq.):

613 1351 998 1437 Inqe‘muioee
1035 1365 1252 1437 putem
1295 1375 1540 1438 campos
1585 1365 1929 1439 terramque
1974 1366 2281 1419 nocentem

613 1462 950 1543 inspirasse
995 1463 1242 1523 animas
1287 1461 1698 1545 infectumque
1744 1483 1893 1524 aera
1938 1472 2132 1525 totum

613 1566 902 1631 manibus
948 1578 1003 1631 et
1046 1589 1338 1652 superam
1369 1564 1593 1654 Styqia
1638 1568 1977 1650 formidine
2022 1581 2285 1637 noctem..

579 1673 870 1739 Lucanus
926 1676 1062 1757 ipse
1133 1675 1247 1755 (IV
1297 1677 1424 1741 788
1474 1676 1642 1759 sqq.)
1692 1672 1979 1740 Curionis
2036 1678 2341 1743 exercitus
2399 1679 2641 1744 cladem

383 1799 660 1845 narrans
735 1782 1040 1847 exclamat
1109 1782 1447 1865 indignans
1508 1782 1702 1845 talem
1768 1780 2085 1864 fortunam
2150 1784 2321 1849 dirae
2379 1784 2641 1863 Cartha-

383 1888 568 1973 ginis
615 1888 869 1953 umbras
918 1888 1154 1954 invisas
1227 1890 1638 1954 excitaturam
1686 1889 2143 1973 cruentumque
2211 1890 2638 1960 Hannibalem

385 2015 464 2061 ac
516 1996 868 2061 Poenorum
914 2015 1130 2061 manes
1180 1996 1496 2079 piaturam
1543 2014 1698 2059 esse.
1793 1994 1865 2057 In
1901 1996 2159 2060 Pothini
2206 1998 2636 2063 con-iuratione

383 2104 578 2187 poeta
623 2103 706 2183 (X
755 2106 792 2167 6
843 2106 1007 2188 sqq.)
1056 2103 1316 2185 Pompei
1363 2103 1641 2167 animam
1691 2103 1885 2182 vocat,
1937 2102 2172 2186 quippe
2218 2122 2375 2186 quae
2411 2103 2635 2169 Caesa-

383 2229 529 2274 rem
578 2210 656 2274 ab
688 2211 952 2275 interitu
986 2211 1344 2274 servaverit.
1439 2209 1701 2292 Pompei
1732 2227 1948 2273 manes
1998 2210 2122 2275 alio
2171 2210 2305 2275 loco
2356 2211 2439 2295 (X
2482 2210 2639 2293 336)

383 2315 740 2382 Pothinum
787 2316 867 2380 ad
916 2316 1285 2383 seditionem
1333 2317 1624 2382 incitant.
2292 2369 2297 2373 .

575 2422 866 2489 Lucanus
943 2424 1207 2488 carmini
1286 2442 1396 2488 suo
1473 2441 1616 2487 cum
1664 2424 1897 2489 multas
1970 2442 2067 2489 res
2115 2423 2455 2503 infernales
2502 2427 2640 2507 tum

386 2532 613 2595 breves
662 2531 1038 2616 plerumque
1070 2532 1354 2595 manium
1403 2548 1695 2594 ascensus
1745 2530 2034 2610 intexuit,
2089 2566 2171 2577 —
2220 2530 2284 2593 in
2333 2531 2637 2615 longiori-

392 2640 517 2703 bus
591 2639 656 2702 et
703 2637 1083 2703 Graecorum
1155 2635 1470 2719 exemplar
1545 2638 1607 2699 et
1654 2636 2009 2719 Vergilium
2051 2637 2345 2702 imitatus
2414 2639 2509 2715 est
2557 2674 2639 2698 -.-

389 2764 557 2830 quae
606 2745 784 2810 nulla
832 2744 959 2809 alia
1021 2744 1143 2809 nisi
1189 2742 1525 2808 exornandi
1583 2762 1771 2807 causa
1819 2762 1854 2806 a
1899 2746 2083 2825 poeta
2130 2743 2419 2809 adhibita
2464 2753 2633 2811 sunt.

577 2849 828 2929 Quanta
896 2870 1104 2917 rerum
1206 2850 1594 2915 infernarum
1694 2850 1981 2915 ubertate
2071 2851 2348 2919 Valerii·
2406 2852 2641 2920 Flacci

387 2978 649 3025 carmen
698 2959 1127 3043 Argonautica
1201 2957 1364 3041 quod
1436 2956 1806 3021 inscribitur
1834 2982 1847 2989 ⁴
1877 2957 2178 3021 refertum
2226 2958 2331 3039 sit,
2406 2958 2641 3041 optime

382 3067 536 3135 inde
570 3066 846 3150 perspici
870 3067 1094 3149 potest,
1131 3064 1294 3150 quod
1329 3066 1529 3147 poeta,
1570 3064 1860 3147 quamvis
1894 3064 2181 3129 imitetur
2211 3064 2640 3147 Apollonium,

386 3175 500 3259 qui
565 3192 690 3238 uno
740 3174 878 3238 loco
923 3173 1216 3237 umbram
1265 3172 1665 3253 apparentem
1716 3170 1886 3251 facit,
1959 3170 2293 3253 permultis
2360 3171 2542 3236 locis.
2565 3170 2643 3237 de

384 3280 612 3345 inferis
633 3282 682 3361 ¹)
725 3279 1008 3363 loquitur
1053 3279 1514 3360 nonnullosque
1559 3277 1916 3343 animarum
1986 3296 2279 3342 ascensus
2350 3278 2631 3346 adhibet.

566 3388 704 3453 Iam
773 3386 963 3470 primi
1040 3385 1194 3451 libri
1269 3384 1452 3448 initio
1528 3388 1610 3464 (v.
1666 3388 1747 3448 47
1800 3386 1964 3468 sqq.)
2034 3384 2244 3448 Pelias
2270 3438 2274 3444 .
2305 3385 2639 3451 Iasoni-se

391 3494 616 3559 Phrixi
664 3494 932 3561 laceram
979 3495 1272 3558 umbram
1317 3494 1506 3555 noctu
1536 3489 1772 3555 vidisse
1818 3491 2189 3555 excitantem
2222 3492 2303 3555 ad
2335 3490 2639 3574 uleiscen-

393 3604 546 3667 dum
596 3604 848 3682 narrat3
895 3600 1051 3665 haec
1098 3618 1286 3665 causa
1319 3600 1433 3679 est,
1483 3616 1593 3662 cur
1626 3597 1835 3661 Pelias
1882 3596 2170 3661 Iasonem
2201 3599 2274 3663 ut
2305 3598 2637 3683 Argonau-

338 3795 346 3804 ι
385 3713 599 3775 tarum
649 3708 1108 3792 expeditionem
1155 3706 1366 3785 faciat,
1414 3704 1801 3784 adhortatur,
1880 3703 2047 3787 quod
2096 3704 2291 3801 totius
2340 3705 2637 3770 carminis

384 3817 841 3901 argumentum
890 3815 986 3884 est
1004 3813 1075 3897 ⁹).
1169 3813 1243 3876 In
1275 3811 1394 3876 hac
1440 3813 1693 3875 narrata
1724 3810 1928 3893 specie
1962 3830 2099 3892 nox,
2147 3802 2405 3889 umbrae
2437 3812 2628 3919 facies

572 4012 618 4079 ¹)
657 4010 744 4065 Cf.
781 4009 1113 4075 'sundal-um,
1169 4007 1258 4061 die
1296 4005 1596 4063 Unterwelt
1631 4005 1773 4061 nach
1815 3972 2081 4069 Valerius¹
2117 3999 2365 4085 Flaccus.
2419 3982 2628 4081 Progr.

389 4101 718 4159 Bohmisch-
697 4099 891 4170 -Leipa
933 4098 1084 4153 1888.

581 4189 624 4255 ¹)
668 4188 959 4257 Langenus
995 4188 1053 4240 in
1091 4184 1482 4239 commentario
1521 4184 1590 4239 ad
1627 4183 1747 4240 Val.
1784 4182 1963 4239 Flacc.
1990 4202 2045 4255 p.
2072 4183 2139 4238 25
2208 4154 2438 4241 adnotat
2463 4184 2636 4241 haec:

382 4284 509 4336 scite
560 4278 799 4333 Valerius
835 4280 928 4331 hoc
965 4278 1283 4331 mendacium
1318 4274 1499 4331 Peliae
1521 4276 1716 4344 flumin
1754 4275 1901 4344 apud
1936 4274 2223 4328 Pindarum
2249 4273 2406 4345 Pytk.
2428 4275 2460 4328 Ι
2473 4275 2636 4330 {7289

381 4387 484 4425 rex
519 4369 652 4423 Iolci
687 4366 951 4420 Phrixum
986 4368 1083 4419 sibi
1119 4368 1176 4419 in
1210 4368 1419 4421 somniis
1475 4380 1787 4435 apparat-see
1843 4364 1969 4431 dicit
2008 4372 2308 4433 monentem,
2366 4372 2422 4418 ut
2477 4366 2637 4419 vellus

381 4476 604 4515 aureum
639 4463 977 4529 repeteretur,
1011 4456 1075 4510 dc
1110 4456 1264 4511 caede
1307 4461 1460 4509 tacet.
