3242 5059
1245 434 1681 496 ..47-

341 634 518 716 quod
545 631 779 697 Seneca
825 632 1177 696 accuratius
1213 629 1496 715 versibus
1539 629 1883 693 182—189
1920 624 2255 703 describit;
2306 625 2383 693 ad
2415 625 2591 690 Accii

349 738 632 803 Troades
659 738 705 819 ¹)
756 756 866 803 nos
917 737 1162 802 revocat
1209 736 1327 801 illa
1372 737 1657 801 naterrae
1720 736 1963 819 spectro
2008 733 2214 798 motae
2262 733 2596 816 descriptio

350 846 478 930 (vv.
539 844 936 929 170—173);
985 842 1152 927 apud
1201 842 1459 908 Accium
1507 843 1756 908 exstant
1801 859 2055 907 versus:

565 970 670 1034 sed
712 981 1002 1034 utrumne
1047 980 1244 1035 terrae
1289 979 1484 1034 motu-s
1528 969 1845 1031 sonituum
1889 966 2170 1049 infe-mm

559 1080 840 1162 pervasit
884 1078 1062 1139 auris
1108 1078 1269 1139 inter
1312 1077 1543 1139 tona-ra
1591 1086 1647 1138 et
1689 1073 1994 1154 turbine-33

353 1204 525 1287 apud
576 1202 875 1267 Ovidium
922 1202 1194 1286 legimus
1246 1200 1327 1286 (v.
1379 1202 1555 1281 442):

565 1312 714 1374 exit
759 1310 983 1375 humo
1028 1309 1174 1372 late
1217 1319 1450 1392 rupta
1493 1307 1927 1391 similisque
1970 1307 2317 1369 minanti

350 1435 590 1519 pariter
637 1438 825 1519 atque
873 1435 1040 1517 apud
1089 1434 1385 1499 Senecam
1434 1438 1518 1514 (v.
1577 1434 1698 1497 179
1733 1437 1935 1517 sqq.):

567 1553 622 1605 et
667 1541 872 1605 hiatus
919 1540 1110 1605 Erebi
1147 1542 1437 1625 pervium
1483 1540 1567 1603 ad
1609 1559 1862 1624 superos
1907 1540 2024 1602 iter

568 1649 842 1713 tellure
883 1649 1145 1732 fracta
1185 1647 1434 1731 praebet
1477 1646 1553 1713 ac
1597 1647 1901 1711 tumulum
1952 1646 2107 1709 levat

357 1778 424 1839 et
469 1794 529 1839 v.
585 1776 745 1842 190:

568 1882 842 1966 implevit
888 1902 1062 1945 omne
1109 1882 1257 1945 litus
1301 1883 1523 1944 irati
1565 1901 1788 1961 sonus3

353 2005 638 2071 Achilles
687 2003 1031 2072 Ovidianus
1079 2010 1163 2084 (V.
1213 2008 1341 2071 445
1377 2009 1579 2090 sqq.):

434 2116 1018 2198 immemoresque
1062 2114 1204 2176 mei
1247 2113 1663 2176 disceditis
1709 2113 1913 2196 inquit
1964 2110 2235 2176 Achivi?

451 2219 798 2305 Obrutaque
845 2231 900 2283 et
943 2231 1171 2283 metum
1218 2221 1464 2283 virmtis
1507 2222 1721 2304 qratia
1765 2218 2057 2285 nostrae?

441 2326 786 2405 Nefacite!
829 2338 1063 2412 atque
1103 2346 1508 2390 meumnon
1536 2329 1643 2389 sit
1685 2325 2119 2389 sinehonore
2139 2326 2600 2410 sepulcrum,

422 2435 625 2518 placet
673 2434 1058 2498 Achilleos
1103 2444 1391 2497 mactata
1443 2432 1831 2519 Polyxena
1876 2454 2164 2513 mane33

332 2542 423 2625 ⁸et
476 2559 645 2623 larva
693 2559 860 2643 apud
909 2560 1205 2624 Senecam
1253 2558 1561 2624 exclamat
1606 2563 1692 2641 (v.
1750 2562 1859 2623 191
1904 2558 2107 2643 sqq.):

451 2689 458 2693 ”
564 2683 710 2767 Ite,
762 2690 878 2748 ite
923 2674 1278 2750 inertes.
1373 2684 1796 2750 Manibus
1840 2687 2047 2748 meis
2091 2683 2467 2747 debitos.

556 2792 900 2875 auferte
945 2791 1326 2857 honores.
1419 2788 1645 2856 Solvite
1694 2793 1987 2877 inyratas
2032 2802 2195 2854 rates

553 2919 672 2982 per
729 2910 944 2961 nostra
992 2900 1150 2962 ituri
1195 2900 1420 2963 maria.
1514 2897 1666 2961 Non
1707 2918 1904 2982 parvo
1950 2899 2069 2962 luit

558 3009 688 3068 iras
738 3006 1002 3069 Achillis
1054 3002 1322 3070 Graecia
1369 3020 1423 3068 et
1468 3026 1699 3090 magno
1766 3006 1888 3069 luet

560 3114 984 3196 desponsa
1029 3112 1313 3177 notris
1358 3111 1825 3175 ‘cineribus
1872 3111 2309 3197 Polyxene

565 3218 795 3305 Pyrrhi
838 3240 1033 3283 ‘manu
1077 3230 1490 3282 mactetur
1535 3222 1590 3283 et
1638 3218 1955 3282 tumulum
1999 3221 2176 3305 φέρει.

535 3343 668 3409 Hoc
715 3345 869 3421 Ιοοο,
919 3348 990 3409 ut
1038 3346 1165 3410 iam
1212 3344 1484 3428 saepiuS,
1533 3363 1827 3410 ascensus
1873 3345 2140 3409 formam
2189 3347 2253 3407 et
2298 3344 2603 3428 composi·

353 3456 596 3533 tionem
642 3473 714 3517 ex
762 3452 1003 3541 aliquot
1048 3454 1374 3535 poetarum
1422 3450 1752 3517 sententiis
1810 3450 2069 3516 mixtam
2117 3450 2417 3515 habemus
2441 3448 2512 3529 ²).

530 3577 967 3642 Andromacha
1014 3578 1150 3642 seni
1195 3577 1448 3641 cuidam
1483 3575 1742 3641 somniis
1792 3595 1858 3641 se
1891 3577 2037 3660 angi
2093 3578 2305 3639 narrat
2337 3574 2594 3658 (Troad.

361 3706 422 3749 v.
476 3685 600 3749 437
638 3684 828 3768 sqq.).
931 3684 1094 3748 Nam
1165 3683 1450 3748 Hectoris
1496 3684 1723 3747 umbra
1796 3681 2003 3747 subito
2050 3683 2297 3779 obviam
2368 3702 2435 3748 se
2480 3683 2604 3747 fert

359 3793 418 3857 ei
471 3811 593 3856 non
641 3791 850 3876 qualis
898 3793 1032 3855 erat
1077 3792 1276 3873 vivuS,
1326 3793 1434 3856 sed

431 3976 442 3983 “
552 3966 592 4036 ¹)
632 3967 716 4023 Cf.
753 3984 920 4038 supra
955 3986 1008 4039 p.
1048 3968 1133 4023 26.

544 4056 586 4121 ⁸)
626 4055 853 4111 Ovidius
890 4058 1010 4129 ipse
1047 4056 1326 4127 Euripidis
1363 4056 1646 4113 Hecubam
1702 4061 1767 4111 ut
1804 4058 1942 4114 alias
1972 4059 2079 4119 ¹ita
2114 4057 2219 4113 hoc
2273 4058 2395 4137 ioco
2460 4062 2588 4113 ante

375 4145 566 4201 oculos
603 4146 864 4201 habuisse
900 4144 1132 4212 videtur,
1169 4163 1294 4201 nam
1333 4145 1576 4202 affinitas
1614 4146 1884 4217 quaedam
1922 4150 1979 4202 et
2014 4162 2205 4202 sensus
2254 4151 2312 4202 et
2336 4147 2601 4203 sententi-

381 4250 538 4291 arum
565 4234 860 4289 intercedit
897 4232 1042 4289 inter
1066 4234 1269 4304 Ovidii,
1306 4235 1560 4303 Senecae,
1595 4235 1875 4306 Euripidis
1911 4235 2077 4304 locos,
2115 4252 2277 4308 quam
2326 4235 2605 4292 Braunius

380 4324 422 4381 1.
462 4322 500 4378 1.
539 4324 681 4379 inter
703 4322 966 4379 Senecam
1005 4322 1176 4378 solum
1218 4328 1274 4379 et
1299 4324 1611 4395 Euripidem
1651 4324 1864 4380 statuit.
1941 4324 2055 4395 Ego
2081 4324 2301 4396 quidem
2326 4342 2425 4396 pro
2450 4332 2600 4381 certo

341 4410 552 4467 habeo
589 4411 848 4467 Senecam
885 4412 943 4466 in
979 4413 1371 4482 compositione
1408 4416 1464 4467 et
1500 4412 1791 4469 sententiis
1844 4413 2114 4486 imprimis
2150 4413 2403 4469 Ovidium
2457 4415 2579 4470 imi·

369 4506 555 4556 tatum
597 4518 715 4557 esse
751 4502 821 4557 ef.
861 4517 1000 4572 quae
1039 4500 1148 4556 dixi
1185 4519 1240 4573 p.
1277 4502 1364 4557 46.
