3242 5059
692 576 790 619 res
839 559 933 621 est
981 557 1240 639 longum
1275 578 1521 623 carmen
1572 559 1913 641 magicum,
1964 579 2107 623 cum
2156 560 2317 641 apud
2350 559 2689 623 Homerum
2719 558 2934 623 Ulixes

692 664 856 729 nihil
903 664 1029 729 nisi
1077 666 1191 729 hoc
1238 666 1435 730 dicat:
1510 664 1696 727 πολλὰ
1740 666 1808 729 δὲ
1854 662 2203 750 γουνούμην
2251 665 2469 728 νεκύων
2518 664 2773 748 ἀμενηνὰ
2820 666 2928 729 κοί-

689 793 833 854 ρηνα
907 772 967 855 (λ
1034 793 1092 837 v.
1143 774 1224 837 29
1260 774 1444 856 sqq.).
1563 773 1724 856 Apte
1779 793 1814 838 a
1887 775 2070 856 poeta
2142 773 2415 838 evocatio
2485 773 2633 839 ficta
2701 774 2797 837 est
2866 773 2933 837 et

692 881 953 945 naturae
976 878 1287 944 humanae
1315 881 1670 961 respondet,
1720 880 1885 963 quod
1912 899 2066 944 uxor
2090 880 2268 943 tanta
2300 879 2660 945 calamitate
2692 879 2931 944 afflicta

690 987 990 1057 maritum
1039 986 1174 1053 adit
1199 987 1276 1051 ab
1311 1006 1506 1071 eoque
1533 987 1841 1052 auxilium
1873 974 2075 1070 petit.
2119 985 2255 1065 Quo
2282 987 2542 1052 consilio
2576 986 2927 1071 Aeschylus

689 1095 850 1160 hanc
899 1095 1184 1159 umbram
1237 1094 1675 1175 introduxerit,
1747 1096 2115 1178 quaerentes
2188 1113 2331 1159 eum
2379 1094 2495 1159 hoc
2565 1093 2748 1160 modo
2797 1094 2928 1159 vim

690 1202 1099 1267 dramaticam
1151 1202 1333 1267 valde
1381 1202 1626 1267 auxisse
1674 1202 2195 1284 audientiumque
2256 1201 2497 1266 animos
2547 1203 2929 1285 percussisse

691 1310 1003 1388 videmus3
1075 1311 1389 1394 praeterea
1445 1310 1682 1374 Dareus
1760 1314 1835 1373 ut
1881 1310 2033 1374 deus
2082 1328 2151 1375 ex
2220 1310 2515 1374 machina
2562 1311 2819 1393 apparet
2865 1311 2929 1375 et

688 1416 1013 1483 Graeciam
1063 1437 1099 1481 a
1147 1417 1357 1481 Persis
1407 1436 1731 1500 nunquam
1780 1417 2111 1481 subactum
2160 1415 2240 1481 iri
2282 1416 2634 1481 vaticinans
2667 1416 2925 1481 adhibe-

687 1526 792 1589 tur
837 1544 873 1587 a
920 1525 1099 1608 poeta
1149 1525 1228 1589 ad
1276 1522 1603 1588 Graeciam
1652 1524 2110 1589 celebrandam.
2187 1523 2549 1589 Staehlinus
2570 1524 2616 1604 ¹)
2650 1523 2925 1588 Dareum

687 1650 756 1696 ex
804 1631 1022 1696 inferis
1069 1650 1391 1714 egressum
1443 1632 1849 1715 antiquorum
1922 1631 2317 1695 oraculorum
2367 1630 2689 1696 reminisci
2747 1632 2925 1713 dicit,

687 1757 846 1822 quae
880 1738 955 1803 de
979 1738 1374 1821 Hellesponti
1406 1740 1682 1803 transitu
1730 1741 1791 1803 et
1823 1738 2045 1804 Xerxis
2080 1737 2474 1821 expeditione
2507 1741 2712 1816 erant;
2764 1757 2925 1822 quae

685 1846 938 1911 oracula
992 1848 1064 1910 ut
1112 1846 1437 1929 proferret,
1512 1845 1896 1930 Aeschylum
1946 1846 2135 1909 Darei
2204 1864 2534 1911 ascensum
2588 1846 2841 1911 finxisse
2856 1844 2925 1926 ²).

686 1954 1014 2020 Praeterea
1061 1951 1424 2017 Staehlinus
1447 1951 1499 2035 ⁸)
1551 1953 1824 2017 Dareum
1897 1952 2109 2017 nuntii
2166 1952 2300 2017 loco
2347 1972 2382 2017 a
2453 1955 2636 2036 poeta
2704 1954 2924 2017 fiotum

685 2080 818 2130 esse
851 2060 1050 2141 affert,
1102 2060 1211 2143 qui
1243 2079 1520 2145 pugnam
1555 2062 1637 2125 ad
1660 2059 1949 2125 Plataeas
1982 2060 2215 2123 factam
2247 2061 2530 2125 narraret
2562 2061 2922 2143 exponeret-

686 2187 825 2251 que.
922 2167 1157 2233 Umbra
1205 2186 1391 2250 super
1439 2168 1687 2232 tumulo
1735 2170 2015 2251 apparet,
2064 2166 2229 2248 quod
2276 2186 2347 2231 ex
2378 2165 2657 2247 Nostis⁴)
2705 2186 2923 2249 sump-

686 2274 842 2341 sisse
875 2275 1124 2339 videtur
1149 2274 1496 2359 Aeschylus
1531 2276 1592 2338 et
1628 2275 1792 2358 quod
1824 2274 2076 2357 vulgari
2110 2275 2554 2358 superstitione
2602 2276 2925 2357 receptum

683 2383 833 2449 erat.
929 2382 1202 2447 Umbrae
1248 2382 1439 2447 facies
1489 2380 1867 2447 describitur
1900 2381 2073 2445 chori
2122 2381 2405 2445 versibus
2438 2384 2521 2462 (v.
2570 2383 2697 2446 660
2731 2384 2921 2466 sqq.):

1197 2506 1588 2593 κροκόβαπτον
1632 2508 1808 2575 ποδὸς
1852 2504 2089 2590 εὔμαριν
2138 2506 2362 2590 ἀείρων,

1198 2614 1484 2700 βασιλείου
1530 2616 1731 2697 τιάρας

1197 2723 1456 2807 φάλαρον
1500 2720 1855 2806 πιφαύσκων.

859 2850 1028 2914 Haec
1076 2867 1324 2933 quoque
1393 2847 1572 2911 larva
1641 2847 1807 2912 unde
1880 2847 2089 2912 veniat
2138 2846 2334 2913 dicit:
2406 2865 2471 2911 se
2543 2866 2613 2912 ex
2658 2846 2919 2911 Tartaro

681 2956 943 3037 venisse,
1017 2954 1304 3039 quamvis
1377 2954 1638 3019 difficile
1686 2954 1771 3017 sit
1829 2954 1975 3018 inde
2023 2954 2353 3019 ascendere
2421 2955 2509 3038 (v.
2564 2954 2691 3019 688
2729 2955 2921 3037 sqq.).

683 3061 996 3128 Ceterum.
1046 3062 1198 3127 haee
1243 3064 1375 3127 tota
1444 3061 1651 3126 larvae
1710 3060 2075 3146 compositio
2148 3062 2222 3125 ut
2268 3060 2509 3145 tragica
2579 3061 2795 3126 differt
2840 3063 2917 3126 ab

682 3170 1001 3252 epicorum
1048 3168 1379 3233 mostelliS.

857 3277 931 3340 In
959 3276 1207 3359 Septem
1235 3279 1320 3358 (v.
1355 3276 1481 3340 709
1505 3279 1669 3359 sqq.)
1694 3275 1909 3340 fabula
1934 3275 2214 3340 Eteocles
2241 3275 2439 3360 patris
2473 3276 2919 3341 exsecrationes

685 3383 932 3449 evenire
978 3382 1449 3462 animadvertit,
1515 3403 1662 3448 nam
1718 3385 1907 3448 noctu
1967 3383 2090 3447 sibi
2147 3384 2487 3447 simulacra
2531 3384 2918 3467 apparuisse.

682 3489 856 3569 Quae
917 3508 1298 3575 quamquam
1345 3492 1729 3575 φαντάσματα
1796 3490 2146 3574 Aeschylus
2203 3490 2555 3555 accuratius
2618 3510 2739 3556 non
2812 3511 2914 3556 ex-

678 3598 856 3681 ponit
906 3635 985 3644 —
1038 3618 1161 3681 qua
1228 3616 1297 3662 re
1344 3599 1768 3682 spectatorum
1837 3597 2037 3661 animi
2106 3598 2311 3681 magis
2362 3596 2759 3682 moventur⁶)
2810 3634 2914 3681 —-‚

677 3704 874 3789 patris
951 3707 1162 3770 tamen
1241 3706 1557 3788 spectrum
1621 3704 1863 3769 Eteocli
1925 3704 2264 3769 occurrisse
2336 3698 2521 3788 puto,
2625 3707 2687 3770 et
2769 3704 2919 3789 quia

865 3902 904 3965 ¹)
939 3900 1001 3957 L.
1036 3900 1076 3957 l.
1112 3920 1167 3973 p.
1205 3901 1240 3955 8
1265 3918 1386 3971 sqq.
1423 3906 1480 3956 et
1517 3900 1705 3956 adnot.
1740 3900 1794 3957 8.
1824 3924 1829 3929 ·

859 3990 906 4060 ²)
947 3990 1100 4045 Hanc
1125 3990 1454 4046 sententiam
1480 3990 1589 4045 iam
1608 3988 1877 4058 wacker,
1906 3990 1994 4046 Kl.
2016 3990 2238 4047 Schrift.
2267 3992 2344 4049 IV
2368 4010 2423 4062 p.
2451 3992 2568 4060 168,
2602 3990 2917 4049 Wecklinus

675 4080 834 4137 Burs.
871 4079 1030 4136 Jhrb.
1066 4080 1226 4138 XVII
1261 4096 1313 4150 p.
1341 4079 1430 4150 34,
1473 4080 1649 4135 XLVI
1685 4099 1740 4152 p.
1780 4080 1902 4149 227,
1958 4080 2191 4137 Schiller
2242 4081 2303 4135 in
2359 4082 2507 4137 Pers.
2575 4082 2706 4137 edit.
2744 4098 2798 4151 p.
2834 4082 2916 4151 16,

675 4168 905 4224 Richter
930 4169 970 4225 1.
1006 4169 1046 4224 1.
1083 4185 1136 4240 p.
1176 4170 1243 4225 99
1282 4169 1645 4239 protulerant.

851 4257 897 4327 ’)
935 4259 994 4313 L.
1033 4258 1069 4313 Ι.
1108 4275 1161 4328 p.
1199 4260 1232 4313 9
1259 4275 1338 4329 sq.

854 4348 898 4415 ⁴)
939 4347 1021 4403 Cf.
1062 4364 1229 4419 supra
1263 4365 1314 4417 p.
1357 4349 1407 4403 8.

855 4437 901 4508 ὅ)
942 4435 1026 4493 Cf.
1065 4436 1408 4493 Suehlinum
1443 4436 1481 4492 l.
1516 4436 1556 4493 1.
1593 4454 1647 4509 p.
1686 4437 1773 4503 22,
1809 4437 2125 4495 Richter-um
2162 4437 2200 4493 l.
2237 4438 2275 4494 l.
2312 4455 2365 4508 p.
2404 4437 2473 4493 8⁵
2500 4455 2630 4510 sqq.
