3242 5059
1500 1320 1959 1418 Excursus
2026 1318 2087 1416 Ι.

1104 1520 1223 1600 De
1278 1522 1609 1621 necyiis
1668 1522 1758 1601 et
1814 1519 2484 1601 evocationibus.

858 1661 955 1724 Ad
1014 1661 1353 1726 Homerum
1429 1662 1680 1746 necyiae
1703 1662 1746 1742 ¹)
1817 1681 2030 1726 omnes
2102 1662 2518 1744 posteriorum
2588 1662 2914 1743 poetarum

680 1768 1179 1852 scriptorumque
1249 1770 1606 1833 referendae
1679 1773 1844 1849 sunt,
1916 1771 1989 1832 ut
2059 1768 2311 1851 supra²)
2383 1767 2677 1849 diximuS,
2759 1787 2914 1852 quas

680 1896 824 1940 cum
872 1874 1063 1939 multi
1111 1876 1393 1940 homines
1444 1876 1610 1940 docti
1628 1874 1682 1959 8)
1729 1876 2157 1951 tractaverint,
2215 1875 2584 1940 brevissime
2633 1877 2912 1959 tangam.

856 1985 930 2048 In
966 1982 1180 2047 Nostis
1218 1982 1710 2065 Agamemnonis
1763 1982 2044 2066 necyiam
2094 1982 2288 2047 fuisse
2337 1983 2594 2067 supra-4)
2644 2002 2913 2047 comme-

680 2088 1081 2155 moraviumS.

862 2196 1172 2261 Omnibus
1221 2197 1348 2261 fere
1420 2198 1571 2262 locis
1619 2199 1686 2274 ii,
1762 2198 1870 2280 qui
1919 2198 2339 2261 evocationem
2412 2197 2613 2262 facere
2678 2198 2917 2277 volunt,

686 2306 785 2368 vel
833 2305 1142 2388 prodigiis
1190 2306 1288 2367 vel
1340 2306 1599 2368 somniis
1651 2305 1969 2389 perterriti
2019 2306 2166 2370 sunt
2198 2306 2296 2369 vel
2343 2307 2489 2369 ante
2522 2325 2653 2369 rem
2702 2306 2918 2387 magni

684 2410 986 2476 momenti
1035 2410 1247 2476 futura
1296 2431 1700 2493 praenoscere
1749 2413 2032 2494 cupiunt,
2091 2412 2264 2476 velut
2313 2413 2438 2477 iam
2489 2412 2736 2485 Saulus,
2809 2412 2918 2495 qui

682 2518 1182 2582 Palaestinorum
1215 2518 1521 2600 impetum
1568 2519 1798 2583 timens
1841 2518 2038 2584 nullis
2087 2521 2198 2584 aut
2237 2519 2498 2583 somniis
2547 2522 2656 2584 aut
2691 2518 2916 2583 omini-

686 2626 802 2688 bus
851 2644 886 2688 a
935 2624 1046 2690 deo
1094 2625 1307 2688 missis
1357 2628 1539 2689 antea
1586 2627 1662 2690 de
1711 2626 1878 2690 exitu
1940 2626 2194 2690 edoctus
2244 2626 2599 2690 Samuelem
2656 2626 2920 2690 excitare

686 2730 1015 2795 constituit
1092 2731 1283 2811 (Sam.
1333 2733 1363 2796 1
1428 2734 1555 2812 28).
1677 2733 1900 2797 Atossa
1981 2735 2219 2797 somnio
2298 2733 2570 2797 sollicita
2649 2734 2921 2797 Dareum

686 2836 1009 2922 (Aeschyl.
1045 2838 1214 2903 Pers.
1248 2859 1306 2902 v.
1345 2841 1471 2905 598
1506 2842 1671 2923 sqq.)
1720 2840 1964 2919 excitat,
2015 2841 2287 2904 Tiresias
2337 2840 2578 2921 suadet,
2628 2842 2700 2904 ut
2730 2840 2922 2905 Laius

688 2944 999 3026 eliciatur,
1072 2965 1211 3010 cum
1264 2965 1464 3029 neque
1521 2947 1927 3030 haruspicina
1978 2966 2178 3030 neque
2242 2946 2523 3031 auspicio
2574 2947 2924 3031 percontari

685 3052 905 3136 possit,
956 3054 1095 3135 quis
1132 3053 1358 3117 Laium
1405 3053 1794 3118 interfecerit
1839 3054 2005 3133 (Sen.
2042 3053 2194 3121 Oed.
2233 3076 2288 3119 v.
2327 3054 2454 3118 530
2482 3057 2666 3138 sqq.).
2759 3052 2922 3118 Sext.

688 3158 1025 3243 Pompeius
1096 3166 1241 3224 ante
1323 3180 1598 3245 pugnam
1681 3161 2066 3226 Pharsaliam
2139 3163 2495 3224 stimulante
2569 3172 2734 3224 metu
2799 3162 2927 3243 fati

678 3286 1079 3349 praenoscere
1125 3288 1341 3329 eureus
1388 3271 1889 3332 necromanteam
1939 3270 2090 3334 facit
2138 3269 2398 3349 (Lucan.
2435 3267 2521 3331 VI
2571 3270 2699 3333 423
2733 3271 2922 3351 sqq),

689 3372 1013 3438 Alcimede
1774 3386 1944 3439 tanto
1987 3398 2174 3461 super
2217 3378 2413 3439 anxia
2458 3387 2602 3438 nato

1006 3482 1220 3567 siquid
1266 3482 1342 3545 ab
1388 3485 1601 3546 excitis
1646 3484 1866 3546 melius
1903 3494 2322 3567 praenosceret
2367 3481 2607 3545 umbris

690 3585 1027 3651 Cretheum
1074 3589 1353 3654 evocavit
1405 3588 1575 3672 (Val.
1630 3590 1828 3655 Flacc.
1881 3590 1908 3652 1
1960 3592 2086 3655 730
2121 3593 2302 3674 sqq),
2365 3589 2593 3671 Scipi0,
2644 3590 2745 3653 cui

1007 3708 1289 3760 versatur
1336 3700 1561 3779 species
1608 3709 1749 3760 ante
1796 3719 1907 3760 ora
1953 3699 2274 3781 oculosque
2307 3708 2665 3781 parentum,

1010 3824 1153 3888 erqo
1201 3808 1399 3867 excire
1436 3816 1630 3889 parat
1674 3826 1884 3867 manes
1930 3807 2296 3888 animaeque
2340 3826 2594 3866 suornm

1009 3912 1398 3995 alloquioque
1442 3915 1652 3975 virum
1699 3922 1899 3975 tanto-s·
1946 3912 2204 3975 mulcere
2251 3911 2488 3975 dolores

870 4089 911 4155 ¹)
953 4087 1035 4143 Cf.
1075 4104 1240 4159 supra
1278 4106 1329 4159 p.
1373 4089 1421 4143 7.

868 4176 911 4247 ²)
950 4177 1009 4231 P.
1050 4179 1100 4235 8.

868 4266 915 4333 ⁸)
954 4266 1273 4324 Liedloffius
1329 4269 1364 4325 1.
1402 4269 1457 4338 1.,
1504 4270 1748 4341 Ettigius
1804 4271 1840 4325 1.
1878 4271 1935 4338 l.,
1985 4270 2273 4325 Nordenus
2311 4268 2348 4325 l.
2385 4269 2442 4336 l.‚
2499 4267 2735 4324 Fahzius
2794 4268 2832 4323 l.
2872 4268 2932 4337 1.‚

690 4356 961 4412 Braunius
999 4357 1035 4412 1.
1072 4357 1108 4413 1.

870 4447 914 4518 ⁴)
953 4442 1015 4503 P.
1056 4448 1088 4503 9
1124 4454 1239 4506 not.
1283 4452 1327 4505 l.
