3242 5059
1290 333 1733 399 ...55-

386 532 624 595 laceret
669 531 836 597 curis
907 532 968 595 et
1016 530 1306 614 quereliS,
1357 532 1496 597 tum
1543 531 1851 614 Meleagri
1917 532 1980 595 et
2026 530 2319 596 Herculis
2366 532 2495 597 fato
2547 567 2627 579 —-

389 637 732 704 Herculem
781 657 921 703 mox
965 639 1131 702 inter
1179 638 1324 703 deos
1373 640 1694 722 receptum
1758 638 1838 703 iri
1894 675 1970 685 —
2020 639 2358 721 praedicto,
2412 642 2487 705 ut
2532 637 2633 703 sui

389 764 630 809 memor
677 744 780 827 sit,
830 763 868 809 a
914 748 1090 829 patre
1136 750 1353 828 petens
1404 747 1739 810 evanescit.
1834 746 2134 810 Hercules
2183 745 2474 810 bracchia
2521 764 2619 810 ex-

388 852 621 932 tendit,
669 870 812 917 aera
858 853 1268 936 amplectitur
1287 851 1353 935 ¹),
1426 852 1707 918 dextram
1755 852 2010 918 tendere
2059 855 2337 930 conatur,
2408 854 2631 918 umbra

387 961 603 1023 autem
652 960 894 1043 effugit.

490 1065 653 1129 Tum
698 1066 995 1147 lacrimis,
1042 1077 1176 1131 tum
1220 1089 1355 1131 voce
1399 1072 1591 1153 sequi,
1642 1080 1773 1132 tum
1817 1089 2102 1153 rumpere
2147 1078 2411 1153 questus,

480 1195 620 1237 cum
661 1194 848 1258 sopor
892 1184 947 1237 et
989 1196 1148 1239 vano
1190 1195 1324 1259 spes
1367 1186 1597 1239 maesta
1644 1176 1967 1241 resolvitur
2010 1186 2177 1244 actu.

571 1278 731 1345 Cum
781 1281 1058 1364 alcyone,
1109 1282 1209 1346 cui
1245 1282 1432 1348 nidus
1480 1285 1698 1366 raptus
1747 1285 1859 1362 est,
1910 1284 2229 1367 comparat
2260 1283 2442 1365 poeta
2466 1282 2623 1346 Her-

387 1389 598 1454 culem
611 1386 710 1473 2);
759 1388 968 1455 exsilit
1011 1389 1315 1455 Hercules
1386 1389 1730 1475 effusisque
1800 1389 2079 1455 lacrimis
2150 1407 2341 1474 genas
2411 1390 2625 1472 rigans

389 1515 458 1561 se
506 1495 706 1561 solum
778 1496 1018 1562 iturum
1075 1516 1210 1561 esse
1256 1497 1507 1563 clamat.
1601 1498 1675 1561 In
1732 1496 1852 1561 hac
1897 1496 2131 1580 speciei
2178 1496 2626 1581 compositione

387 1602 553 1695 nihil
600 1604 745 1668 novi
793 1606 906 1685 est,
979 1604 1086 1669 sed
1145 1606 1326 1688 poeta
1395 1606 1741 1688 poetarum,
1800 1605 1906 1687 qui
1955 1605 2442 1685 antecesserunt,
2528 1622 2630 1669 ex-

390 1710 607 1794 empla
683 1710 985 1796 sequitur.
1081 1712 1322 1777 Umbra
1400 1714 1728 1796 quaerenti
1810 1714 1873 1776 et
1932 1711 2316 1777 desideranti
2371 1714 2630 1794 apparet

388 1820 466 1882 ut
512 1818 676 1901 apud
724 1818 1083 1901 Vergilium
1131 1818 1219 1901 (ΙΙ
1267 1820 1390 1885 771
1445 1822 1606 1903 sqq.)
1658 1816 1892 1883 Creusa
1939 1820 2206 1901 Aeneae,
2255 1817 2447 1882 facies
2496 1817 2631 1883 eius

396 1923 797 2008 describitur,
849 1926 1164 1992 evanescit
1209 1946 1319 2011 per
1363 1927 1657 1991 Herculis
1730 1927 2089 2009 amplexus;
2139 1925 2247 1990 ille
2294 1924 2631 1990 lacrimans

391 2031 796 2098 lamentatur.
919 2033 1006 2098 Ut
1075 2032 1370 2117 plurimis
1438 2033 1614 2114 loeiS‚
1694 2034 1925 2117 quibus
1995 2033 2203 2097 larvae
2264 2031 2630 2113 ascendunt,

393 2138 686 2203 Valerius
736 2139 1104 2204 brevissime
1151 2159 1222 2205 ac
1292 2140 1669 2225 simpliciter
1737 2141 1982 2205 noctem
2038 2139 2346 2223 depingit,
2394 2138 2486 2203 ita
2532 2137 2635 2203 hic

387 2245 594 2311 fusius
643 2266 779 2311 eam
852 2247 1141 2330 explanat
1198 2249 1545 2313 commotus
1615 2248 1879 2312 fortasse
1948 2266 2038 2324 ee,
2120 2246 2286 2332 quod
2343 2244 2631 2311 Herculis

386 2371 682 2417 somnum
729 2372 761 2418 a
813 2353 954 2418 Iove
1000 2353 1138 2437 ipso
1185 2355 1451 2419 missum
1500 2359 1713 2419 narrat
1757 2354 1859 2418 his
1914 2352 2150 2418 verbis:

479 2460 682 2546 [dixit
726 2459 1074 2547 (Iuppiter),
1108 2460 1198 2547 et]
1244 2484 1472 2525 arcano
1519 2462 1883 2525 redolentem
1927 2471 2165 2523 nectare
2210 2480 2430 2542 rorem,

387 2610 389 2612 ·
480 2589 658 2652 quem
693 2589 882 2653 penes
928 2569 1058 2633 alta
1104 2572 1278 2653 quies
1323 2569 1675 2654 liquidique
1712 2578 1987 2649 potentur
2031 2570 2253 2645 somni,

480 2676 699 2740 detulit
746 2678 932 2760 inque
976 2678 1124 2762 vaqi
1167 2675 1383 2739 libavit
1426 2686 1703 2759 tempora
1747 2677 1901 2738 nati.

571 2780 729 2848 Cum
778 2781 1057 2847 sollertia
1136 2784 1408 2869 quadam
1453 2782 1745 2847 Valerius
1816 2782 1931 2846 hoc
2009 2782 2300 2848 mostello
2345 2782 2630 2847 nescium

394 2890 733 2955 Herculem
813 2891 1139 2955 certiorem
1215 2890 1354 2955 fieri
1421 2890 1691 2971 induxit,
1770 2890 1881 2956 ubi
1927 2889 2126 2974 Hylas
2175 2891 2365 2967 esset3
2443 2907 2633 2973 quam

391 2997 701 3062 rationem
749 2997 1083 3063 enarrandi
1130 3016 1283 3078 rem,
1333 3016 1491 3082 quae
1539 2999 1723 3065 antea
1754 2997 1919 3061 facta
1951 2999 2064 3076 est,
2112 2996 2240 3061 iam
2275 2996 2631 3061 invenimus

386 3103 605 3188 (Verg.
658 3105 870 3171 Aen.I
919 3105 1046 3169 353
1097 3108 1260 3188 sqq.)
1293 3102 1342 3187 ⁸)
1390 3105 1452 3168 et
1499 3103 1793 3169 nonnulli
1840 3104 2211 3188 posteriores
2257 3104 2472 3186 poetae
2518 3104 2629 3167 ad-

387 3208 756 3276 hibuerunt.
849 3212 1051 3277 Larva
1120 3210 1522 3294 vaticinatur,
1595 3230 1725 3275 rem
1808 3212 1988 3276 antea
2059 3210 2291 3275 factam
2362 3208 2631 3293 exponit,

386 3318 630 3384 solatur
648 3318 720 3401 ⁴).
813 3318 1186 3384 Locutiones
1232 3318 1513 3400 Homeri,
1560 3319 1828 3403 Vergili,
1896 3318 2136 3383 Lucani
2193 3317 2434 3382 similes
2484 3319 2634 3382 sunt

392 3425 570 3490 velut
637 3445 851 3491 versus
929 3428 1010 3489 27
1066 3438 1354 3511 stansque
1427 3447 1613 3510 super
1672 3448 1888 3489 earum
1960 3436 2143 3509 caput
2232 3425 2408 3487 illius
2488 3428 2631 3507 »στῆ

384 3530 544 3617 δ’ἄρ’
592 3532 732 3617 ὑπὲρ
805 3536 1064 3619 κεφαλῆς
1133 3532 1222 3617 (Ψ
1269 3531 1479 3619 68)⁵);
1552 3533 1786 3614 locutio
1843 3551 2058 3597 versus
2107 3535 2225 3598 22:
2308 3552 2434 3595 ecee
2475 3552 2633 3619 puer

585 3783 626 3853 ¹)
665 3782 793 3837 Pari
831 3783 989 3839 mode
1027 3783 1267 3855 Alcyone
1322 3784 1516 3855 Ceycis
1576 3783 1823 3838 umbram
1885 3786 2295 3839 enne-centem
2348 3798 2633 3855 corpusque

379 3883 564 3948 petens
601 3876 932 3948 amplectitur
967 3892 1129 3928 auras
1169 3872 1347 3943 (ovid.
1388 3873 1518 3929 Met.
1557 3871 1638 3927 XI
1676 3872 1822 3942 675).

569 3962 617 4032 ¹)
654 3962 737 4019 cf.
777 3962 963 4017 Senec.
1003 3961 1194 4033 Agam.
1230 3980 1282 4018 V.
1321 3962 1441 4018 680.

567 4052 613 4119 ⁸)
650 4051 732 4107 Cf.
770 4068 936 4123 nupta
969 4070 1025 4124 p.
1065 4051 1152 4106 8⁵1.

563 4139 608 4207 ⁴)
645 4140 783 4197 Vide
821 4156 1104 4196 excursum
1129 4140 1445 4198 secundun.

580 4228 625 4299 Ι)
665 4230 837 4297 Quam
876 4229 1206 4285 locutionem
1244 4230 1508 4287 habemus
1547 4230 1693 4301 apud
1731 4228 2008 4286 Tibullum
2046 4230 2128 4298 (11
2154 4231 2204 4296 6,
2232 4230 2316 4299 8);
2353 4230 2431 4285 ibi
2467 4234 2633 4301 poeta

392 4318 533 4373 dicit
587 4335 645 4374 se
672 4319 754 4373 ad
813 4320 1013 4374 sororis
1058 4318 1331 4373 tumulum
1386 4336 1705 4389 aggressum
1767 4318 2047 4389 neglectos
2104 4336 2291 4375 manen
2359 4322 2633 4377 amoribu-

403 4406 521 4463 ania
557 4407 702 4463 mala
737 4409 949 4465 somnia
984 4407 1205 4465 mittere
1241 4409 1538 4466 retitur-nm
1576 4425 1697 4465 enne
1734 4408 2063 4467 exclamant.
2164 4413 2171 4419 '
2476 4420 2483 4428 ’
