3242 5059
1682 412 2120 479 ...20-

955 608 1028 673 In
1075 609 1449 677 Henandl’l
1495 609 1732 691 fabula,
1802 630 1961 693 quae
2008 610 2281 675 Phasma
2350 614 2624 692 vocatur,
2698 614 3005 696 spectrum

774 716 986 807 ipsum
1036 735 1158 781 non
1207 708 1491 801 apparet3
1541 737 1686 781 nam
1736 718 1849 783 illa
1896 719 2131 801 puella,
2180 737 2370 801 quam
2405 718 2770 784 adulescens
2820 739 2885 783 se
2920 722 3006 784 vi-

774 823 940 888 disse
987 826 1200 888 narrat
1245 826 1308 889 et
1352 824 1596 889 larvam
1642 825 1850 908 putat,
1898 844 2020 889 non
2071 827 2166 890 est
2196 825 2441 907 umbra,
2496 827 2602 891 sed
2638 826 2781 890 viva
2813 826 3005 910 virgo,

771 930 938 995 Uxor
983 930 1289 1015 quaedam
1337 950 1374 995 a
1417 930 1626 1000 vicino
1674 931 1949 1013 puellam
1998 933 2359 1016 conceptam
2408 934 2574 1016 apud
2621 933 2812 997 illum
2856 933 3005 997 edu-

771 1037 898 1101 cari
946 1036 1165 1114 iussit3
1215 1040 1323 1102 sed
1369 1039 1442 1103 ut
1486 1038 1767 1122 puellam
1816 1058 2025 1103 secum
2075 1038 2334 1104 haberet
2384 1077 2465 1087 —-
2515 1040 2587 1104 ut
2634 1039 2866 1106 Donati
2931 1042 2999 1104 ad

770 1143 910 1209 Ter.
960 1143 1242 1210 Eunuch.
1291 1146 1449 1228 prol.
1501 1146 1538 1208 9
1587 1146 1795 1209 verbis
1843 1147 1985 1211 utar
2034 1182 2138 1228 -—,
2200 1148 2564 1230 „parietem,
2600 1148 2710 1230 qui
2759 1148 3003 1213 medius

767 1250 933 1315 inter
980 1249 1234 1316 domum
1281 1252 1497 1317 mariti
1554 1271 1627 1317 ac
1672 1252 1866 1317 vicini
1913 1253 2135 1331 fuerat,
2208 1254 2299 1319 ita
2365 1254 2658 1337 perfodit,
2732 1259 2807 1319 ut
2875 1256 3006 1339 ipso

767 1356 1044 1422 transitu
1091 1376 1337 1424 sacrum
1387 1359 1594 1424 locum
1644 1379 1778 1425 esse
1825 1360 2155 1425 simularet
2202 1380 2471 1445 eumque
2517 1362 2859 1425 transitum
2907 1362 3002 1426 in-

766 1464 1054 1530 tenderet
1099 1466 1282 1531 sertis
1331 1486 1402 1530 ac
1448 1466 1669 1531 fronde
1714 1467 1888 1532 felici
1936 1487 2067 1532 rem
2116 1468 2400 1533 divinam
2448 1486 2631 1551 saepe
2676 1468 2913 1532 faciens
2948 1472 3007 1532 et

772 1573 1017 1638 vocaret
1051 1572 1129 1636 ad
1179 1591 1243 1637 se
1276 1572 1612 1657 virginem,
1663 1574 1828 1657 quod
1878 1592 2018 1637 curn
2056 1572 2605 1639 animadvertisset
2638 1576 3004 1639 adulescens

770 1680 971 1761 primo
1011 1681 1268 1763 aspectu
1299 1679 1600 1763 pulchrae
1632 1680 1903 1762 virginis
1951 1681 2125 1745 velut
2172 1681 2453 1746 numinis
2503 1681 2647 1745 visu
2678 1682 3002 1765 perculsus

767 1785 1104 1865 exhorruit,
1163 1786 1331 1851 unde
1362 1786 1616 1852 fabulae
1664 1788 1937 1852 Phasma
1984 1807 2208 1852 nomen
2258 1787 2418 1853 est''.
2514 1788 2801 1871 Denique
2847 1788 3007 1853 hano

765 1893 1045 1975 puellam
1093 1894 1158 1958 in
1205 1892 1681 1960 matrimonium
1732 1894 1908 1960 duxit
1956 1896 2339 1960 adulescens.
2436 1894 2626 1960 Poeta
2674 1894 2873 1979 igitur
2913 1888 3000 1959 'in

765 1998 883 2065 hac
941 1999 1157 2065 fabula
1227 2001 1738 2085 superstitionem
1808 2004 2191 2085 spectrorum
2269 1999 2499 2086 tangit,
2580 2003 2689 2067 sed
2768 2001 3004 2067 larvam

764 2106 967 2191 ipsam
1015 2127 1138 2172 non
1186 2108 1440 2193 profert.

945 2214 1037 2279 De
1083 2216 1518 2284 Philemonis
1590 2215 1928 2279 Phasmate
1997 2215 2222 2297 (Koch,
2304 2214 2473 2279 Com.
2525 2215 2655 2279 Att.
2705 2216 2894 2299 frgm.
2945 2217 3005 2279 II

765 2322 919 2402 502)
968 2322 1127 2386 nihil
1177 2324 1438 2387 constat.

941 2427 1110 2492 Huic
1178 2429 1453 2511 adiungo
1510 2429 1862 2505 Plautum,
1941 2427 2052 2511 qui
2122 2428 2188 2491 in
2211 2439 2215 2443 ’
2242 2428 2631 2492 Mostellaria
2677 2432 2843 2493 certo
2890 2428 3005 2493 hoc

765 2532 1152 2599 Philemonis
1201 2536 1518 2617 exemplar
1543 2534 1591 2615 ¹)
1640 2536 1890 2599 secutus
1938 2536 2052 2599 est.

855 2690 866 2696 -
940 2642 1039 2705 Ad
1087 2641 1509 2707 Romanorum
1554 2642 1755 2725 igitur
1812 2642 2077 2706 comicos
2123 2642 2537 2723 transeamus»,
2611 2660 2876 2725 quorum
2927 2644 3003 2706 de

764 2747 1000 2812 fabulis
1049 2747 1213 2813 nihil
1261 2749 1383 2813 nisi
1454 2749 1708 2812 nomina
1776 2749 2012 2813 tradita
2082 2748 2233 2813 sunt
2257 2748 2305 2827 ²)
2376 2750 2625 2831 praeter
2698 2748 3002 2813 Plauti

763 2854 1347 2937 Mostellariam,
1396 2874 1556 2939 quae
1601 2856 1742 2939 ipsa
1789 2874 2037 2939 quoque
2083 2873 2295 2919 veram
2354 2855 2589 2919 larvam
2642 2873 2763 2919 non
2810 2854 3003 2921 habet

767 2963 875 3026 sed
945 2962 1156 3026 fictam
1187 2962 1235 3044 ³)
1305 2964 1379 3027 ut
1425 2964 1521 3027 est
1567 2964 1735 3045 apud
1784 2963 2222 3027 Menandrum.
2315 2962 2545 3026 Tranio
2616 2981 2853 3043 servus,
2924 2983 3003 3027 ne

763 3069 1231 3152 Theopropides
1281 3070 1536 3134 domum
1567 3088 1852 3133 reversus
1900 3069 2017 3133 filii
2065 3067 2340 3133 facinora
2380 3069 2742 3152 comperiat,
2792 3070 3000 3133 necati

761 3175 1028 3258 hospitis
1076 3177 1318 3241 larvam
1362 3196 1474 3259 per
1521 3194 1659 3239 eam
1708 3176 1986 3256 domum,
2056 3193 2244 3257 quam
2317 3175 2491 3259 prius
2548 3175 2998 3253 habitaverint,

763 3300 929 3347 nunc
974 3283 1190 3365 vagari
1223 3284 1520 3360 simulat3
1571 3302 1635 3346 re
1669 3283 1879 3346 autem
1926 3300 2074 3345 vera
2103 3280 2275 3345 filius
2326 3301 2468 3346 cum
2510 3281 2832 3346 sodalibus
2866 3284 2997 3347 suis

760 3389 1116 3454 convivium
1164 3389 1230 3453 in
1277 3389 1395 3454 hac
1443 3390 1625 3453 domo
1674 3389 1880 3455 habet.
1975 3385 2112 3465 Qua
2159 3388 2513 3452 narratione
2559 3390 2740 3470 poeta
2806 3389 2999 3452 actio-

759 3513 899 3559 nem
951 3497 1267 3562 retardare
1313 3497 1589 3561 conatur.
1686 3497 1759 3559 In
1809 3495 1927 3559 hac
1973 3496 2175 3575 domo,
2227 3497 2296 3558 ut
2344 3496 2559 3558 narrat
2604 3493 2855 3576 Tranio,
2906 3495 2996 3578 (v.

942 3671 983 3740 ¹)
1022 3672 1179 3738 Quod
1219 3671 1534 3728 Staehlinus
1575 3688 1790 3743 quoque
1828 3672 1863 3725 l.
1903 3671 1923 3725 l
1978 3688 2033 3741 p.
2072 3670 2231 3738 201,4
2270 3670 2422 3725 dicit.

939 3760 986 3828 ⁸)
1030 3762 1108 3815 De
1144 3761 1362 3816 Laberii
1401 3761 1583 3827 mimo,
1639 3761 1734 3831 qui
1772 3759 2179 3829 Necyomantea
2215 3758 2531 3813 inscribitur
2572 3764 2745 3825 taceo,
2802 3776 2925 3813 cum
2968 3776 2999 3812 a

757 3852 1037 3921 proposito
1102 3867 1220 3905 meo
1277 3868 1363 3905 me
1421 3850 1687 3915 abducat3
1734 3848 1805 3903 ad
1841 3848 2255 3901 Mommsenium
2294 3848 2446 3901 Rom.
2488 3847 2685 3902 Gesch.
2724 3847 2851 3915 111⁸,
2891 3847 2991 3902 391

759 3939 828 3994 de
866 3947 1186 4008 argumento
1227 3943 1283 3996 et
1321 3939 1390 3993 ad
1431 3939 1728 4008 Bergkium
1766 3954 1949 4007 opusc.
1988 3936 2031 4001 1,
2072 3936 2177 3990 408
2214 3936 2427 4004 ablogo.

941 4025 987 4095 ³)
1026 4028 1098 4083 Ut
1134 4029 1214 4081 ait
1239 4028 1552 4083 Staehlinus
1590 4027 1689 4081 l.1.
1730 4044 1781 4095 p.
1816 4025 1947 4081 199:
2008 4024 2175 4085 „Hier
2209 4026 2359 4093 zoigt
2397 4023 2513 4080 sich
2554 4042 2655 4078 uns
2714 4025 2834 4079 eine
2871 4024 2990 4079 auf-

765 4117 1002 4172 sallende
1040 4116 1305 4172 Parallele
1343 4133 1465 4171 zum
1493 4112 1749 4183 „Miles”:
1788 4115 1901 4175 Das
1924 4113 2299 4167 Traummotiv
2340 4113 2471 4168 vird
2509 4113 2690 4182 gleich
2728 4113 2829 4167 wie
2866 4114 2995 4168 dort

760 4222 854 4261 zur
890 4205 1328 4275 Unterstiitzung
1385 4207 1533 4259 einer
1577 4204 1827 4273 Intrigue
1863 4202 2171 4257 verwendet
2206 4202 2298 4269 (ci.
2339 4201 2544 4256 ibidem
2582 4220 2633 4272 p.
2687 4201 2780 4255 197
2810 4201 2984 4272 sqq.)“

755 4300 813 4351 et
849 4314 907 4367 p.
935 4297 1065 4351 ⁶200:
1105 4336 1118 4350 .
1149 4336 1161 4349 .
1193 4336 1206 4349 .
1249 4295 1372 4362 „ein
1406 4294 1695 4365 fingierter
1738 4291 1941 4347 Traum
1981 4291 2087 4369 soll
2146 4292 2294 4345 einer
2340 4290 2655 4361 'gleichsalls
2692 4290 2993 4360 -fingierten

761 4384 1051 4452 Tatsache,
1108 4383 1274 4439 deren
1310 4382 1594 4438 Annahme
1650 4398 1747 4437 zur
1781 4379 2136 4450 Ausffihrung
2190 4380 2343 4434 einer
2380 4378 2628 4450 Intrigue
2684 4380 2840 4448 notig
2894 4378 2995 4445 ist,

760 4471 1269 4541 Glaubwfirdigkeit
1305 4471 1414 4526 und
1447 4470 1772 4525 Gewissheit
1807 4468 2132 4525 verleihen.“
