3242 5059
1257 1476 1545 1601 Caput
1608 1477 1697 1622 1.-

423 1659 851 1751 Quomodo
909 1661 1388 1741 animarum
1443 1679 1861 1749 ascensus
1918 1660 2144 1760 apud
2196 1660 2527 1760 poetas·

561 1786 882 1884 epicos,
938 1784 1352 1883 tragicos,
1409 1786 1789 1866 comicos
1844 1788 2350 1868 tractentur.

522 1960 793 2026 Patrocli
829 1961 1041 2025 anima
1073 1961 1239 2043 apud
1263 1964 1648 2029 Homerum
1678 1960 1771 2044 (Ψ
1804 1964 1888 2025 57
1918 1961 2087 2045 sqq.)
2119 1962 2308 2026 noctu
2342 1960 2580 2026 Achilli

341 2088 666 2152 apparenS,
738 2067 902 2150 quod
959 2087 994 2132 a
1057 2069 1443 2132 mortuorum
1512 2067 1775 2148 umbriS,
1836 2087 1981 2133 cum
2043 2060 2433 2133 inhumatus
2474 2068 2577 2149 sit,

346 2176 410 2239 in
461 2175 792 2239 Tartarum
841 2174 1166 2257 pervenire
1213 2174 1641 2256 prohibeatur,
1691 2174 2008 2258 queritur3
2081 2194 2203 2258 qua
2251 2174 2327 2239 de
2395 2192 2581 2239 causa

343 2281 637 2357 amicum,
685 2282 758 2344 ut
806 2300 993 2365 quam
1028 2281 1350 2345 celerrime
1383 2300 1448 2345 se
1484 2282 1769 2363 sepeliat,
1819 2282 2219 2361 adhortatur3
2266 2282 2402 2345 tum
2438 2299 2577 2346 eum

342 2407 482 2453 mox
529 2388 906 2452 moriturum
955 2405 1089 2451 esse
1137 2387 1486 2452 vaticinans
1535 2388 1692 2465 orat,
1766 2390 1835 2451 ut
1909 2387 2241 2472 utriusque
2312 2406 2451 2452 ossa
2512 2387 2578 2452 in

348 2514 539 2560 unam
589 2512 810 2558 urnam
861 2494 1230 2575 condantur,
1302 2514 1447 2559 eum
1493 2494 1572 2557 ad
1620 2494 1989 2559 memoriam
2061 2494 2364 2577 pueritiae
2434 2513 2581 2558 suae

347 2620 472 2665 una
523 2603 696 2689 actae
744 2600 1066 2666 reducens,
1161 2600 1447 2666 Achilles
1495 2601 1792 2681 amicum,
1842 2621 1951 2666 cur
1997 2601 2261 2681 venerit,
2319 2602 2581 2666 interro-

347 2710 569 2792 gatum
620 2708 828 2771 omnia
877 2726 942 2771 se
990 2709 1426 2772 exsecuturum
1496 2726 1631 2773 esse
1676 2707 2011 2791 pollicetur
2058 2711 2120 2772 et
2190 2710 2263 2772 ut
2330 2709 2583 2773 accedat

346 2815 622 2898 propius»,
670 2816 888 2897 petens
937 2833 1162 2879 manus
1197 2814 1616 2898 amplectendi
1662 2834 1851 2879 causa
1882 2814 2179 2903 porrigit3
2227 2814 2339 2879 ille
2370 2815 2581 2879 tamen

348 2919 508 2985 fumi
557 2920 788 2985 similis
837 2921 1108 2985 stridens
1130 2921 1173 3005 ¹)
1225 2922 1559 2986 evanescit.
1640 2921 1921 2987 Achilles
1956 2922 2343 3005 stupefactus
2377 2922 2584 3004 surgit

541 3132 581 3201 ¹)
620 3132 794 3199 Quam
833 3132 1145 3203 opinionem
1183 3134 1620 3204 antiquissimam
1658 3133 1829 3188 fuisse
1874 3133 2117 3203 Ettigius
2172 3136 2245 3203 (p.
2274 3134 2459 3201 276‚·3)
2514 3133 2584 3187 do

349 3227 462 3277 cet:
533 3239 750 3291 prorsus
822 3220 1004 3291 inquit
1075 3224 1328 3276 consentit
1390 3241 1505 3277 cum
1564 3221 1793 3288 ludaeis,
1874 3223 2053 3291 quibus
2126 3224 2303 3278 eadem
2362 3241 2460 3277 vox
2520 3224 2583 3277 de

345 3311 518 3364 avium
574 3311 822 3382 pipilanti
872 3318 920 3364 et
977 3312 1040 3364 de
1094 3311 1393 3365 umbrarum
1447 3330 1570 3366 sono
1626 3314 1681 3365 in
1728 3330 1827 3367 usu
1875 3320 1951 3365 est
2040 3311 2201 3381 Apud
2239 3311 2474 3367 Graecos
2530 3321 2587 3367 et

351 3399 624 3455 Romanos
661 3398 824 3453 huius
851 3400 1122 3469 opinionis
1161 3400 1404 3469 exempla
1441 3400 1709 3455 habemus
1747 3400 1806 3455 in
1845 3418 1891 3451 ω
1918 3402 1969 3468 9,
2008 3402 2105 3457 ubi
2127 3399 2434 3455 Mercurius
2462 3417 2584 3471 pro-

350 3505 534 3545 corum
557 3489 872 3544 -stridentes
920 3489 1130 3542 animas
1169 3489 1224 3541 in
1255 3487 1543 3543 Tartarum
1573 3488 1752 3553 ducit3
1791 3489 2060 3557 Ettigium
2097 3496 2278 3545 autem
2308 3489 2453 3559 fugit
2487 3488 2584 3544 ille

355 3578 578 3634 Homeri
616 3577 764 3632 locus
802 3576 854 3643 (λ
892 3576 997 3631 605
1023 3578 1183 3647 sqq.)‚
1223 3593 1330 3647 quo
1369 3576 1554 3631 Ulixes
1595 3576 1887 3631 Herculem
1928 3575 2239 3639 describens
2277 3577 2363 3631 his
2400 3578 2582 3634 verbis

351 3668 419 3722 de
456 3665 663 3721 umbris
699 3665 978 3737 loquitur:

825 3754 954 3825 ἀμφὶ
993 3753 1046 3806 δέ
1081 3771 1162 3823 μιν
1200 3752 1388 3824 κλαγγὴ
1430 3752 1621 3807 νεκὺων
1662 3754 1723 3827 ἦν
1762 3754 1961 3809 οἰωνῶν
1999 3754 2087 3823 ὥς,

821 3838 1030 3896 πάντοσ’
1074 3842 1410 3913 ἀτυζομένων.

524 3934 650 3987 Alia
707 3932 954 4003 exempla
990 3939 1119 3987 sunt
1173 3934 1232 3985 in
1273 3932 1613 4002 Pythagorae
1664 3932 1733 3989 εἰς
1778 3928 1960 3985 “Acone
2014 3936 2284 4000 καταβάσει
2342 3934 2586 4003 (Hieron.

334 4022 524 4089 Rhod.
561 4022 725 4093 frgm.
763 4021 920 4082 XXII
957 4020 1042 4076 ed.
1079 4021 1258 4077 Hiller
1292 4022 1348 4073 in
1389 4020 1589 4081 Satura
1628 4020 1760 4085 phil.
1800 4022 1867 4077 H.
1897 4021 2137 4091 Sauppio
2177 4021 2361 4077 oblata
2400 4022 2577 4077 Berol.

357 4111 490 4165 1879
530 4129 584 4182 p.
629 4109 768 4180 106),
823 4108 917 4165 ubi
975 4109 1336 4180 philosophus
1393 4108 1624 4164 Hesiodi
1661 4110 1895 4165 animam
1936 4110 2259 4165 stridentem
2286 4096 2583 4165 'columnae

350 4215 551 4255 aeneae
592 4196 825 4253 vinculis
864 4199 1183 4274 adstrictam
1221 4198 1399 4263 vidit;
1439 4197 1587 4267 apud
1629 4196 2040 4268 Lycophronem
2078 4198 2147 4267 (v.
2190 4200 2292 4253 686
2316 4199 2439 4268 sq),
2478 4215 2586 4268 quo

344 4286 464 4342 loco
504 4288 572 4342 de
610 4288 782 4342 Ulixis
819 4288 1013 4358 necyia
1049 4286 1412 4345 dictum-est:

773 4376 939 4447 πήλας
977 4374 1176 4428 ἀκούσει
1213 4373 1342 4428 κεῖθι
1380 4374 1645 4445 πεμφίὸων
1684 4374 1781 4427 ὄπα

729 4520 732 4525 ,
775 4463 958 4535 λεπτὴν
999 4463 1224 4533 ἀμαυρᾶς
1265 4464 1518 4533 μάστακος
1557 4463 1675 4533 πρὸς
1702 4461 1993 4535 φθέγμασιν,
