3242 5059
1569 385 1961 449 ...8-

664 577 824 641 catio
872 578 934 639 in
986 598 1054 641 eo
1101 596 1472 642 ascensuum
1525 598 1783 641 numero
1832 577 2115 641 habenda
2163 580 2277 659 est,
2336 578 2445 661 qui
2505 596 2692 641 causa
2750 598 2903 661 qua-

665 685 810 748 dam
884 684 1240 749 adventicia
1307 685 1673 749 efficiuntur
1743 688 1806 749 et
1852 685 2355 749 introducuntur.
2454 685 2545 749 De
2590 686 2708 749 hac
2754 704 2901 749 evo-

667 790 931 872 catione,
1009 790 1240 874 quippe
1319 810 1508 875 quam
1583 792 1776 856 multi
1868 792 2150 856 homines
2229 792 2395 856 docti
2471 791 2903 871 tractaverint,

664 916 861 980 pauca
940 897 1142 961 dicam
1165 896 1232 978 ¹).
1357 898 1684 982 Elpenoris
1762 899 2074 963 inhumati
2169 900 2461 964 umbram
2551 902 2625 963 ut
2726 917 2903 982 sepe-

663 996 880 1084 liatur,
976 1004 1293 1087 petentem
1386 1006 1463 1069 ad
1560 1004 1847 1085 Patrocli,
1920 1006 2149 1088 spectri
2242 1004 2594 1088 exemplum
2687 1005 2902 1070 fictam

663 1129 795 1175 esse
867 1111 1209 1176 verisimile
1271 1114 1383 1175 est.
1479 1112 1755 1177 Omnino
1831 1113 2135 1177 nonnulla
2206 1132 2276 1176 ex
2349 1112 2621 1177 Patrocli
2695 1113 2903 1196 specie

662 1219 725 1283 in
777 1219 1060 1301 necyiam
1107 1218 1360 1283 fluxisse
1432 1220 1602 1300 puto,
1673 1220 1848 1283 velut
1896 1220 2248 1283 accuratam
2296 1220 2668 1283 umbrarum
2716 1220 2902 1284 faciei

661 1325 1164 1409 descriptionem,
1215 1344 1404 1408 quam
1452 1326 1811 1389 invenimus
1859 1326 1925 1388 in
1977 1326 2262 1390 versibus
2312 1327 2397 1389 40
2446 1344 2560 1409 sq.,
2611 1328 2723 1390 ubi
2772 1326 2900 1391 lar-

604 1491 610 1497 .
664 1451 775 1495 vae
821 1433 1080 1496 cruenta
1149 1452 1321 1497 arma
1367 1433 1636 1496 ferentes
1708 1432 1943 1496 circum
1994 1432 2241 1496 Ulixem
2290 1432 2522 1512 volant,
2572 1434 2636 1496 et
2683 1434 2748 1497 in
2800 1452 2895 1498 νν.

661 1540 787 1603 606
809 1558 967 1621 sqq.,
995 1538 1106 1602 ubi
1140 1539 1439 1603 Hercules
1475 1540 1860 1622 depingitur.
1942 1539 2177 1623 Necyia
2209 1540 2543 1623 praecipue
2568 1540 2630 1602 in
2664 1542 2900 1604 ceteras

662 1650 1126 1710 necromanteas
1173 1645 1509 1710 maximam
1557 1646 1684 1709 vim
1734 1646 1977 1710 habuit.

837 1752 913 1817 In
962 1753 1408 1836 Cyelicorum
1455 1754 1921 1834 carminibuS,
1972 1753 2205 1836 quippe
2274 1772 2542 1837 quorum
2590 1774 2903 1837 perpauca

661 1859 1016 1941 fragmenta
1062 1862 1321 1940 exstent,
1416 1860 1659 1924 duobus
1737 1860 1891 1924 locis
1976 1862 2223 1943 spectra
2312 1864 2901 1941 commemorantur,

659 1967 734 2030 in
783 1966 1052 2030 Nostis
1114 1969 1177 2030 et
1223 1966 1286 2030 in
1360 1967 1558 2031 Iliade
1606 1985 1817 2049 parva.
1909 1967 2031 2031 Illo
2078 1967 2212 2033 loco
2262 1968 2531 2033 Achillis
2578 1969 2788 2051 imago
2836 1970 2899 2032 in

659 2072 844 2136 litore
892 2073 1174 2141 ascendit
1220 2092 1407 2156 super
1437 2074 1685 2138 tumulo
1704 2072 1778 2160 ²),
1828 2073 1992 2157 quod
2030 2074 2287 2137 Proclus
2314 2074 2413 2138 his
2446 2075 2657 2140 verbis
2684 2074 2901 2140 affert:

657 2183 771 2241 τῶν
839 2179 903 2241 δὲ
969 2180 1102 2262 περὶ
1167 2180 1261 2242 τὸν
1321 2176 1334 2196 ’
1355 2177 1735 2262 Αγαμέμνονα
1791 2178 2194 2243 ἀποπλεόντων
2254 2178 2268 2203 '
2288 2178 2589 2266 Αχιλλέως
2668 2180 2905 2246 εἴδωλον

658 2286 926 2371 ἐπιφανὲν
993 2291 1253 2371 πειρᾶται
1323 2287 1655 2349 διακωλύειν
1724 2286 2002 2372 προλέγον
2048 2286 2120 2349 τὰ
2198 2287 2625 2375 συμβησόμενα.
2726 2291 2906 2354 Hanc

660 2393 929 2459 Achillis
978 2395 1247 2477 speciem
1263 2393 1312 2476 ³)
1383 2413 1596 2459 omnes
1667 2396 1945 2480 posteros
2001 2398 2236 2479 poetaS,
2308 2398 2415 2479 qui
2466 2398 2723 2462 eandem
2774 2418 2903 2461 rem

851 2572 892 2640 ¹)
931 2572 1012 2627 De
1052 2576 1352 2627 ceterorum
1393 2579 1680 2641 poetarum
1717 2573 1926 2643 necyiis
1966 2579 2022 2628 et
2060 2573 2471 2631 evocationibus
2508 2574 2753 2629 breviter
2792 2573 2902 2628 dis-

663 2661 807 2717 serui
844 2662 901 2715 in
940 2678 1166 2716 excursu
1205 2662 1399 2730 primo.
2714 2714 2729 2723 ,

839 2749 883 2815 ⁸)
927 2749 1087 2816 Quod
1143 2767 1206 2803 ex
1264 2751 1442 2819 prisca
1479 2750 1670 2821 populi
1726 2753 2117 2812 superstitione
2153 2751 2510 2822 repetendum
2560 2758 2725 2823 putat
2762 2752 2901 2807 Etti·

664 2839 785 2908 gius
841 2838 953 2893 1.1.
1000 2857 1052 2909 p.
1093 2840 1266 2901 2935».
1326 2868 1387 2877 -
1451 2839 1604 2893 Hanc
1660 2842 2103 2909 superstitionem
2162 2842 2329 2895 etiam
2385 2842 2533 2910 apud
2610 2841 2894 2897 Platonem

653 2928 890 2999 (Phaed.
928 2928 992 2982 81
1037 2928 1104 2997 C)
1141 2928 1404 2983 habemus
1443 2929 1537 2999 qui
1600 2928 1669 2983 de
1730 2932 1912 2983 anima
1970 2930 2208 2985 nondum
2259 2931 2499 3001 corporis
2546 2932 2898 2995 admixtione,

654 3018 815 3089 plane
870 3017 1106 3073 liberata
1161 3017 1300 3073 haec
1357 3018 1519 3072 dicit:
1576 3018 1608 3089 ἡ
1666 3017 1869 3086 τοιαύτη
1926 3018 2066 3091 ψυχὴ
2127 3018 2388 3089 βαρὺνεταί
2451 3036 2505 3071 τε
2562 3021 2651 3072 καὶ
2710 3018 2905 3071 ἕλκεται

653 3107 803 3161 πάλιν
839 3107 908 3165 εἰς
944 3105 1028 3159 τὸν
1067 3105 1245 3178 ὁρατὸν
1302 3108 1450 3159 τόπον
1515 3108 1661 3178 φόβῳ
1718 3111 1805 3159 τοῦ
1843 3107 2029 3165 ἀειδοῦς
2065 3125 2119 3159 τε
2154 3109 2239 3161 καὶ
2267 3105 2455 3175 Ἅιδου,
2508 3108 2673 3178 ὥσπερ
2712 3108 2901 3177 λέγεται

653 3197 788 3266 περὶ
823 3198 894 3248 τὰ
933 3198 1231 3269 μνήματά
1267 3214 1333 3249 τε
1369 3197 1480 3250 καὶ
1528 3197 1684 3253 τοὺς
1738 3200 1975 3268 τάφους
2032 3196 2528 3267 κυλινδουμένη,
2566 3198 2703 3267 περὶ
2744 3198 2775 3250 ἂ
2832 3197 2903 3269 δὴ

653 3288 759 3339 καὶ
798 3286 976 3358 ὤφθη
1034 3288 1194 3339 ἅττα
1255 3288 1473 3359 ψυχῶν
1532 3284 1811 3357 σκιοειδῆ
1871 3288 2319 3357 φαντάσματα,
2374 3286 2453 3340 οἶα
2507 3290 2807 3360 παρέχονται
2846 3288 2895 3339 αἱ

651 3380 872 3429 τοιαῦται
925 3378 1082 3449 ψυχαὶ
1138 3376 1325 3429 εἴδωλα
1362 3378 1412 3429 αἱ
1465 3376 1537 3447 μὴ
1575 3374 1814 3446 καθαρῶς
1853 3372 2198 3445 ἀπολυθεῖσαι,
2235 3376 2366 3429 ἀλλὰ
2401 3380 2489 3428 τοῦ
2548 3375 2725 3446 ὁρατοῦ
2764 3377 2903 3445 μετέ-

652 3479 845 3537 χουσαι,
881 3465 958 3519 διὸ
991 3468 1079 3519 καὶ
1115 3464 1349 3536 ὁρῶντο
1788 3530 1793 3536 ¹

831 3556 1006 3622 Quam
1044 3556 1278 3610 animam
1332 3554 1462 3609 mali
1502 3554 1739 3609 hominis
1778 3571 1897 3609 esse
1926 3554 2083 3610 Plato
2110 3554 2390 3609 contendit
2427 3561 2483 3610 et
2519 3556 2725 3624 vagari,
2766 3555 2893 3609 dum

657 3644 1066 3716 cupiditatibus
1131 3644 1471 3715 vinculisque
1533 3644 1779 3713 corporis
1834 3643 2079 3699 relaxata
2136 3645 2228 3699 sit.
2302 3644 2476 3711 Quam
2533 3661 2647 3697 rem
2696 3644 2903 3715 repetit

652 3733 810 3789 Plato
847 3734 958 3787 alio
997 3733 1124 3787 loco
1149 3732 1380 3801 (Phaed.
1425 3733 1523 3787 108
1562 3733 1649 3801 Β.)

829 3822 876 3891 ⁸)
916 3822 1000 3877 De
1046 3823 1148 3877 hac
1204 3838 1262 3876 re
1313 3823 1532 3893 copiose
1585 3822 1703 3890 egit
1744 3823 1807 3877 R.
1864 3822 2131 3888 Foerster,
2194 3822 2375 3877 Herm.
2428 3822 2606 3887 XVII,
2651 3822 2749 3877 193
2778 3838 2899 3892 sqq.

655 3942 716 3952 —
763 3910 884 3966 Hoc
938 3912 1059 3966 loco
1099 3911 1167 3967 de
1203 3911 1420 3966 Achille
1445 3910 1776 3981 Polyxenam
1811 3910 2099 3979 flagitante
2149 3913 2518 3967 narrationem
2566 3911 2887 3981 adiungens,

652 4016 818 4072 quam
853 4002 998 4071 apud
1056 4006 1248 4071 poetas
1303 4001 1528 4069 vulgata
1563 4000 1656 4066 sit,
1718 4000 1957 4055 breviter
2006 3999 2289 4053 disseram.
2386 3999 2565 4057 Primo
2628 4000 2801 4068 igitur
2837 4000 2895 4054 in

648 4090 842 4145 Nostis
897 4082 1146 4145 ascendit
1211 4089 1474 4156 Achilles,
1537 4094 1652 4144 tum
1706 4088 1855 4160 apud
1906 4086 2295 4157 Stesichorum,
2369 4104 2531 4159 quem
2584 4088 2889 4144 Simonides

649 4184 869 4235 secutus
924 4185 1026 4247 est,
1080 4178 1289 4233 larvam
1354 4178 1674 4249 apparuisse
1730 4176 1985 4233 Foerster
2044 4176 2079 4230 l.
2142 4176 2179 4232 1.
2217 4194 2269 4247 p.
2312 4177 2415 4232 195
2476 4184 2650 4247 putat.
2748 4176 2888 4232 Tum

647 4267 794 4338 apud
911 4267 1246 4339 Sophoclem
1367 4268 1424 4320 in
1533 4265 1811 4338 Polyxena
1923 4266 2138 4336 (fragm.
2212 4266 2319 4321 480
2392 4265 2487 4334 ΙΨ)
2622 4264 2894 4321 Achillem

646 4357 883 4412 evasisse
976 4374 1006 4411 ο
1093 4354 1333 4411 Tartaro
1411 4359 1650 4412 testatur
1712 4354 2072 4424 Apollodorus
2144 4354 2253 4425 περὶ
2324 4352 2466 4410 θεῶν
2534 4355 2593 4410 in
2666 4354 2891 4410 Stobaei

647 4446 748 4502 ecl.
786 4446 835 4513 Ι,
897 4448 984 4514 41,
1047 4446 1135 4514 50,
1196 4446 1342 4515 qued
1416 4447 1561 4502 infra
1621 4445 1981 4501 tractabimus
2043 4446 2389 4511 accur-atium
2479 4446 2535 4499 in
2606 4445 2888 4514 Euripidis
