3242 5059
1550 394 1992 465 -80·.···

1454 590 1613 673 ...ἡ
1661 589 1818 672 δ’ἐξ
1864 588 2118 653 ὕπνου
2167 587 2635 673 ἀνόρουσεν

958 694 1135 781 κούρη
1185 695 1473 782 Ἰκαρίοιο·
1569 699 1808 781 φίλον
1855 695 1942 759 δέ
1989 697 2058 757 οἱ
2104 694 2318 779 ἦτορ
2368 696 2632 780 ἰάνθη.

836 803 1058 883 Quinti
1105 804 1239 869 loco
1285 803 1419 870 filio
1466 805 1606 877 soli,
1655 823 1779 869 non
1827 804 1946 869 toti
1993 802 2370 869 Graecorum
2433 803 2733 871 exercitui
2779 824 2900 889 ap-

657 914 831 996 paret
854 912 1147 977 Achilles
1182 912 1562 995 Polyxenam
1593 911 1909 994 flagitans
1987 910 2286 975 Videmus
2320 909 2519 994 igitur
2566 912 2664 976 his
2705 912 2898 977 rebus

654 1020 1002 1104 explanatis
1059 1017 1369 1097 Quintum
1420 1017 1584 1083 nihil
1657 1017 1832 1081 aliud
1881 1017 2004 1082 nisi
2051 1017 2562 1100 praecedentium
2611 1020 2899 1103 exempla

658 1128 1017 1193 imitantem
1068 1126 1233 1193 hunc
1280 1144 1608 1191 ascensum
1655 1124 1930 1191 finxisse.

831 1235 1125 1301 Nomius
1173 1235 1469 1316 quattuor
1512 1232 1666 1297 locis
1715 1230 2072 1297 animarum
2119 1250 2419 1313 ascensus,
2445 1232 2710 1297 carmini
2758 1252 2897 1316 suc,

654 1341 820 1425 quod
856 1340 1230 1425 Dionysiaca
1263 1340 1652 1419 inscribitur,
1702 1339 1967 1403 inseruit
2000 1339 2415 1421 omnibusque
2460 1340 2614 1405 locis
2663 1341 2896 1405 somnii

654 1448 889 1533 species
967 1448 1315 1530 usurpavit.
1428 1445 1766 1511 Actaeonis
1836 1450 2148 1529 spectrum
2203 1445 2283 1529 (V
2331 1448 2458 1511 412
2507 1447 2698 1531 sqq.),
2747 1466 2896 1513 cum

657 1559 945 1641 parentes
1019 1554 1180 1619 nihil
1254 1554 1376 1620 nisi
1446 1554 1652 1618 filium
1700 1554 2104 1619 interfectum
2169 1571 2300 1619 esse
2350 1554 2774 1637 cognoverint,
2823 1555 2897 1621 in

653 1663 888 1728 somnis
952 1664 1229 1746 apparet,
1300 1665 1372 1726 ut
1417 1661 1603 1743 patri,
1690 1659 1896 1743 qualis
1967 1660 2153 1725 faciei
2222 1661 2326 1743 sit,
2387 1661 2700 1727 describat
2747 1664 2809 1727 et
2861 1682 2902 1727 a

653 1770 878 1848 Diana,
927 1787 1117 1852 quam
1165 1786 1388 1851 corpus
1420 1766 1737 1831 lavantem
1785 1768 2114 1849 aspexerit,
2164 1767 2228 1831 in
2278 1786 2529 1832 cervum
2576 1770 2898 1833 mutatum

654 1877 716 1941 et
762 1896 799 1940 a
846 1876 977 1940 suis
1049 1875 1308 1939 canibus
1379 1874 1790 1939 dilaceratum
1869 1892 2004 1937 esse
2062 1873 2328 1938 nuntiet.
2420 1876 2582 1939 Turn
2627 1876 2899 1958 patrem,

653 2003 728 2048 ne
810 2002 996 2067 quam
1070 1982 1194 2047 vim
1274 1982 1553 2070 canibus,
1640 1981 1749 2064 qui
1817 1980 2026 2063 ipsum
2120 1981 2567 2063 interfecerint,
2641 1982 2900 2062 inferat,

655 2090 939 2155 hortatus
988 2089 1300 2168 admonet,
1348 2091 1421 2152 ut
1468 2087 1714 2153 ossibus
1763 2088 2042 2152 collectis
2093 2088 2482 2172 sepultisque
2531 2088 2594 2153 in
2645 2089 2899 2156 tumulo

655 2199 1014 2281 pharetram
1063 2198 1125 2260 et
1154 2196 1421 2277 sagittas
1468 2197 1706 2279 ponant
1722 2194 1774 2277 ¹)
1822 2197 1885 2259 et
1932 2196 2206 2258 statuam
2255 2194 2615 2278 epithaphio
2646 2196 2897 2279 privam

656 2304 923 2387 erigant.
1016 2301 1341 2367 Aristaeus
1376 2303 1553 2386 pater
1588 2304 1979 2384 experrectus
2013 2301 2262 2383 prosilit
2294 2302 2356 2365 et
2388 2302 2563 2366 uxori
2593 2322 2626 2367 e
2675 2322 2896 2369 somno

654 2410 990 2475 suscitatae
1038 2410 1353 2473 somnium
1418 2408 1660 2485 narrat;
1711 2411 1910 2473 mater
1956 2408 2075 2472 filii
2111 2428 2249 2472 ossa
2297 2427 2598 2491 quaerens
2649 2410 2897 2490 invenit

650 2522 839 2601 atque
930 2518 1193 2583 collecta
1262 2516 1503 2596 humat,
1588 2514 1654 2578 in
1732 2516 1998 2595 tumu10‚
2066 2517 2138 2579 ut
2215 2514 2326 2579 ille
2403 2514 2610 2595 iussit,
2691 2516 2894 2599 ponit.

649 2624 876 2688 Poetae
952 2643 1421 2707 nonnunquam,
1493 2624 1566 2687 ut
1643 2639 1830 2704 supra
1849 2621 1901 2704 ²³)
1971 2622 2267 2700 vidimus,
2342 2623 2594 2688 umbras
2644 2622 2895 2707 aliquid

652 2733 833 2795 antea
904 2730 1142 2796 factum
1213 2730 1537 2794 narrantes
1634 2727 1930 2803 adhibere
2023 2729 2246 2810 solent,
2339 2730 2406 2793 id
2500 2732 2665 2814 quod
2743 2732 2895 2815 apte

590 2848 594 2853 '
654 2838 922 2903 contulit
971 2838 1229 2902 Nonnus
1278 2837 1358 2901 ad
1389 2836 1722 2901 Actaeonis
1773 2836 2030 2900 larvam.
2089 2835 2251 2900 Nam
2301 2837 2508 2919 matri,
2559 2856 2716 2919 quae
2763 2837 2894 2903 fili-

650 2966 757 3010 um
829 2965 1062 3030 magna
1138 2964 1279 3010 cum
1353 2962 1501 3009 cura
1580 2943 1935 3026 quaesitum
2010 2963 2318 3026 nusquam
2367 2942 2630 3025 invenit,
2700 2946 2894 3009 noctu

648 3054 1012 3118 mostellum
1059 3071 1271 3117 casum
1322 3054 1591 3116 enarrat.
1686 3049 1886 3114 Larva
1932 3050 2112 3132 petit,
2183 3059 2256 3114 ut
2310 3050 2670 3132 sepeliatur,
2720 3053 2893 3134 quod

650 3159 777 3223 iam
848 3160 1015 3243 apud
1063 3158 1405 3222 Homerum
1480 3158 1802 3223 habemus
1896 3155 2230 3237 Koehler³)
2279 3156 2439 3222 hanc
2498 3158 2768 3239 speciem
2817 3178 2894 3222 ex

651 3265 911 3348 tragicis
959 3265 1232 3345 Graecis,
1303 3264 1412 3347 qui
1482 3264 1814 3330 Actaeonis
1864 3263 2139 3328 fabulam
2191 3262 2540 3347 egerunt⁴)‚
2589 3262 2892 3331 Nonnum

650 3370 934 3435 hausisse
982 3372 1164 3454 putat
1194 3372 1525 3454 praecipue
1558 3391 1627 3434 eo
1662 3354 2031 3450 commotuS,
2084 3371 2250 3454 quod
2296 3390 2406 3453 pro
2441 3370 2886 3436 innocentibus

651 3477 1154 3541 interfectoribus
1268 3477 1543 3542 Actaeon
1658 3476 1992 3560 supplicat.
2132 3477 2401 3542 Etiamsi
2514 3477 2626 3542 ille
2717 3479 2888 3542 recte

649 3584 940 3667 opinatus
990 3586 1085 3647 est
1131 3620 1216 3629 —-
1268 3584 1634 3666 praesertim
1683 3584 1738 3646 si
1774 3582 2066 3667 Polydori
2101 3584 2442 3667 imaginem
2481 3582 2888 3667 Euripideam

647 3690 967 3755 intuemur
1018 3728 1096 3736 —
1148 3690 1307 3753 mihi
1356 3690 1609 3774 quidem
1679 3710 1970 3755 ascensus
2019 3690 2486 3773 compositionis
2535 3690 2887 3772 exemplum

646 3796 700 3859 N
708 3816 867 3860 onno
883 3794 1247 3880 Homerus-⁴)
1278 3797 1642 3880 praebuisse
1668 3798 1936 3863 videtur.
1972 3798 2300 3861 Praeterea
2323 3796 2596 3879 tragicos
2618 3815 2886 3880 quoque,

829 4011 873 4078 ¹)
911 4010 1052 4064 Item
1094 4008 1330 4080 Elpenor
1354 4009 1587 4078 Ulixem,
1625 4016 1689 4065 ut
1727 4015 1782 4065 in
1817 4010 2026 4066 tumulo
2053 4028 2260 4067 remum
2289 4012 2481 4081 erigat,
2518 4014 2639 4065 orat
2676 4009 2729 4079 (λ
2772 4010 2885 4078 Π).

822 4098 845 4133 s

822 4105 867 4257 ’ἰ
906 4099 1087 4243 ἓξδξιο·
1120 4097 1220 4243 {ize
1252 4150 1598 4258 bionysiaha
1636 4188 1731 4243 dos
1767 4188 2013 4255 Nonnus,
2051 4187 2213 4244 Halle
2255 4188 2407 4255 1858,
2444 4208 2496 4259 p.
2545 4187 2624 4241 12.

821 4277 867 4345 ⁸)
906 4276 1273 4348 Phrynichus,
1310 4275 1629 4347 Aeschylus,
1671 4277 1899 4348 Iophon,
1939 4276 2222 4349 Cleopbon
2259 4277 2351 4345 (cf.
2391 4276 2730 4333 Welckerum
2766 4274 2804 4331 1.
2842 4276 2886 4331 1.

643 4384 697 4438 p.
725 4367 793 4421 4⁹
832 4370 890 4421 et
928 4366 1105 4435 1010).

820 4455 868 4526 ⁸)
905 4455 1077 4522 Quam
1117 4455 1447 4511 sententiam
1484 4453 1692 4525 Heyins
1733 4471 1949 4527 quoqne
1985 4455 2022 4511 1.
2060 4455 2097 4511 1.
2135 4473 2189 4526 p.
2233 4455 2296 4509 16
2329 4455 2584 4526 protulit.
