3242 5059
1607 396 2035 459 ..94-

881 589 1088 653 Simili
1182 590 1381 668 mode,
1476 608 1597 671 quo
1694 588 1970 651 Achilles
2082 588 2154 650 ut
2246 588 2572 651 Patroclus
2668 587 2948 664 maneat,

702 696 1112 778 colloquatur,
1160 695 1435 760 amicum
1484 695 1957 779 complectatur,
2006 694 2141 757 orat
2190 692 2277 776 (Ψ
2306 712 2363 759 v.
2402 696 2483 757 97
2536 714 2625 775 sq.
2650 693 2695 773 ¹)
2742 711 2948 776 aeque

701 802 890 884 atque
937 801 1152 867 Ulixes
1229 802 1493 866 matrem
1561 803 1596 863 λ
1643 821 1698 865 v.
1750 804 1879 865 210
1930 820 2063 885 sqq.
2090 800 2187 883 2)),
2237 799 2520 883 Deiphili
2574 798 2947 865 mostellum

700 907 817 971 hoc
862 910 996 973 loco
1043 909 1329 990 matrem,
1377 909 1451 972 ut
1499 909 1752 972 maneat
1797 908 2109 991 verbaque
2144 906 2485 990 repetat3),
2546 906 2845 971 obsecrat.

878 1033 1060 1097 Haud
1111 1032 1238 1097 scio
1286 1054 1362 1098 an
1400 1032 1787 1117 Polymestor
1832 1032 1896 1096 in
1950 1033 2164 1098 eadem
2196 1032 2407 1097 fabula
2445 1032 2761 1096 ominibus
2794 1050 2939 1114 pro-

701 1138 1020 1223 digiisque
1093 1141 1349 1204 territus
1428 1139 1810 1205 sacerdotem
1879 1139 1974 1202 vel
2040 1140 2383 1219 oraculum,
2461 1137 2768 1222 quomodo
2838 1136 2945 1202 dei

703 1247 914 1329 superi
964 1248 1026 1310 et
1073 1247 1258 1311 inferi
1306 1246 1543 1329 placari
1594 1249 1867 1329 possent,
1917 1245 2395 1329 consuluerit4),
2446 1246 2609 1329 quod
2660 1264 2731 1310 ex
2764 1246 2935 1327 frag-

698 1355 908 1417 mento
955 1354 1106 1417 XIII
1155 1354 1534 1418 Ribbeckius
1583 1354 1933 1418 concludit:

788 1462 900 1543 qui
943 1461 1081 1524 deos
1127 1461 1361 1544 inferos
1406 1460 1630 1544 quibus*
1675 1461 1945 1523 caelestis
1991 1461 2201 1545 diynet
2247 1460 2528 1523 decorari
2574 1459 2801 1522 hostiis.

881 1564 1168 1633 Fortasse
1217 1570 1382 1633 inter
1439 1568 1591 1632 haec
1663 1567 1951 1650 prodigia
2003 1566 2280 1649 Deiphili
2328 1568 2553 1631 umbra
2616 1586 2724 1649 per
2771 1585 2934 1629 som-

699 1674 875 1739 nium
947 1694 1158 1757 regem
1232 1675 1550 1755 exterruit,
1624 1694 1765 1738 nam
1840 1674 2228 1739 mortuorum
2306 1693 2417 1758 per
2496 1674 2623 1737 vim
2693 1674 2935 1737 animas

698 1780 1208 1846 interfectoribus
1277 1782 1590 1846 minantes
1640 1783 1700 1845 et
1763 1783 2065 1846 terrentes
2114 1800 2409 1865 apparere
2481 1780 2607 1845 iam
2682 1777 2938 1863 supra⁵)

699 1890 1196 1955 commemoravi.
1290 1890 1470 1953 Hanc
1524 1892 1733 1952 tamen
1792 1907 1925 1952 rem
1996 1907 2108 1971 pro
2156 1888 2469 1972 explorato
2541 1888 2769 1952 habere
2816 1906 2937 1951 non

697 2014 1047 2078 possumus,

875 2103 968 2167 De
1016 2102 1278 2167 Pacuvii
1326 2102 1673 2167 Protesilao
1722 2121 1819 2167 res
1867 2103 2104 2167 incerta
2152 2104 2247 2167 est
2262 2101 2330 2182 ⁶).

874 2209 1221 2273 Pacuvium
1272 2210 1472 2292 igitur
1505 2210 1883 2275 Graecorum
1934 2210 2288 2293 tragoedias
2336 2210 2696 2274 imitantem
2735 2210 2938 2273 larvas

696 2315 1070 2381 adhibuisse·
1094 2319 1158 2381 et
1189 2336 1260 2381 ex
1292 2316 1561 2382 Homero
1603 2315 1938 2381 nonnullas
1974 2318 2315 2381 sententias
2350 2318 2411 2382 et
2454 2317 2687 2382 colores
2722 2337 2936 2400 sump-

697 2423 854 2488 sisse
903 2423 1208 2489 videmus.
1942 2495 1955 2507 ,

880 2530 977 2593 Ad
1024 2532 1324 2598 Ennium
1372 2532 1789 2614 pervenimuS‚
1868 2530 1977 2615 qui
2026 2532 2095 2594 ut
2144 2529 2309 2596 infra
2328 2529 2376 2611 ⁷)
2434 2530 2811 2607 videbimu8‚
2868 2529 2935 2593 in

697 2637 1030 2702 annalibus
1102 2637 1295 2702 larvis
1373 2638 1616 2702 aditum
1682 2637 1855 2703 dedit
1929 2638 2145 2722 eisque
2208 2638 2397 2702 etiam
2468 2636 2533 2701 in
2596 2637 2939 2721 tragoediis

696 2744 1041 2809 secundum
1090 2744 1465 2809 Graecorum
1515 2745 1801 2827 exempla
1848 2764 1998 2809 usus
2048 2747 2161 2811 est.
2269 2744 2564 2828 Polydori
2622 2746 2937 2828 spectrum

695 2852 761 2915 in
811 2851 1106 2916 Hecubae
1155 2850 1338 2914 initio
1412 2852 1488 2914 ab
1541 2850 1861 2933 Euripidis
1927 2851 2234 2933 Polydoro
2304 2851 2611 2933 originem
2686 2851 2937 2916 duxisse

695 2960 965 3037 constat,
1037 2977 1236 3022 unum
1306 2962 1519 3023 tamen
1591 2958 1780 3021 huius
1851 2958 2103 3022 fabulae
2180 2960 2625 3041 argumentum
2702 2960 2935 3023 exstat:

707 3113 766 3128 ..
796 3056 1164 3128 ,undantem
1193 3064 1429 3147 salum,
1510 3085 1580 3129 ex
1652 3084 1772 3147 quo
1844 3063 2211 3128 concludere
2275 3083 2604 3147 possumus
2670 3085 2813 3130 eum
2866 3072 2934 3129 ut

694 3171 1073 3255 Polydorum
1123 3172 1199 3236 de
1246 3191 1497 3255 corpore
1547 3190 1659 3236 suo
1706 3172 1771 3234 in
1819 3190 1991 3235 mare
2038 3170 2200 3235 iacto
2246 3171 2529 3236 locutum
2578 3192 2731 3236 esse.

873 3297 1049 3375 Quod
1087 3296 1316 3362 attinet
1364 3297 1440 3361 ad
1475 3296 1763 3360 Hectoris
1800 3296 1995 3359 Lutra
2042 3316 2198 3378 quae
2232 3296 2600 3362 inscribitur
2631 3298 2935 3374 fabulam,

695 3423 816 3467 non
867 3405 1021 3469 satis
1070 3404 1422 3488 perspicere
1470 3422 1827 3486 possumne,
1875 3409 2090 3468 utrum
2140 3403 2379 3468 Ennius
2415 3405 2775 3470 Patroclum
2825 3427 2935 3490 per

694 3512 1007 3575 somnium
1057 3511 1297 3575 Achilli
1345 3511 1553 3595 ipsum
1603 3512 2008 3594 apparentem
2055 3511 2275 3576 fecerit
2321 3531 2397 3575 an
2451 3512 2721 3576 breviter
2769 3512 2929 3577 hanc

888 3832 930 3899 ¹)
967 3831 1050 3887 cf.
1088 3848 1254 3902 supra
1290 3850 1343 3903 p.
1381 3832 1432 3887 7.

876 3920 924 3989 ¹)
961 3919 1044 3975 ct.
1085 3937 1250 3991 supra
1284 3938 1337 3991 p.
1379 3922 1428 3976 6.

872 4008 919 4079 ⁸)
956 4009 1113 4064 Hanc
1150 4010 1477 4066 sententiam
1515 4012 1683 4066 etiam
1720 4028 1817 4082 seq
1829 4017 2020 4068 uentos
2058 4020 2252 4082 poetae
2288 4013 2678 4082 adhibuerunt,
2721 4021 2785 4070 ut
2810 4016 2938 4072 Ovi·

692 4098 816 4154 dius
865 4101 1017 4165 (met.
1053 4099 1132 4153 XI
1180 4100 1305 4169 676)
1345 4104 1402 4154 et
1438 4099 1717 4169 Vergilius
1772 4100 1925 4168 (Aen.
1964 4100 2011 4157 V
2050 4103 2149 4156 741
2192 4102 2261 4157 cf.
2298 4103 2443 4159 infra
2482 4121 2532 4175 p.
2576 4104 2643 4159 36
2670 4105 2793 4174 sq.).

865 4188 912 4256 ⁴)
951 4187 1034 4244 Cf.
1073 4188 1429 4244 Ribbeckium
1468 4188 1504 4243 1.
1545 4188 1580 4242 1.
1620 4206 1675 4259 p.
1715 4189 1836 4244 ⁶236.

863 4277 910 4348 ⁸)
948 4279 1010 4334 P.
1054 4278 1188 4347 13,1.

865 4367 911 4437 ⁸)
950 4366 1030 4422 cf.
1070 4367 1425 4422 Ribbeckium
1463 4367 1500 4422 l.
1539 4367 1573 4424 1.
1613 4386 1649 4439 p
1712 4367 1834 4422 826.

867 4456 910 4524 ⁷)
949 4456 1008 4509 P.
1045 4457 1114 4513 28
1141 4474 1255 4527 sqq.
