3242 5059
1191 410 1631 476 ...11-

298 607 476 672 nium
524 606 691 670 unde
737 608 1062 691 sumptum
1110 606 1215 685 sit,
1281 607 1700 671 demonstrari
1750 626 1869 671 non
1920 606 2123 690 potest
2142 603 2213 689 ¹),
2285 604 2391 669 sed
2464 623 2533 669 eo

297 716 463 798 quod
497 714 680 798 poeta
714 713 792 778 de
837 714 1080 797 spectro
1114 713 1270 787 dicit
1322 713 1662 797 παρίσταται
1724 714 1982 797 eiusque
2037 710 2239 777 animi
2291 713 2535 776 motum

295 842 440 886 voce
503 820 791 905 οἰκτείρων
854 819 1174 901 describit,
1251 822 1329 885 ad
1394 822 1658 887 usitatas
1720 822 1789 885 in
1874 821 2195 885 larvarum
2231 868 2237 874 .
2270 836 2536 885 ascensu

296 928 642 993 locutiones
713 946 1074 993 revocamur
1091 926 1156 1009 ²).
1268 928 1615 1012 Aeschylus
1686 928 1803 994 hoc
1874 928 2186 993 somnium
2259 926 2536 1011 prodigii

299 1055 487 1100 causa
503 1033 559 1119 ³)
606 1033 920 1117 adhibuit,
995 1054 1140 1099 nam
1188 1034 1363 1099 brevi
1409 1038 1553 1119 post
1599 1033 1861 1100 nuntius
1908 1034 2244 1099 Persarum
2292 1033 2537 1099 cladem

296 1142 598 1224 narrat4).
692 1140 832 1221 Qua
882 1162 946 1208 re
991 1142 1214 1207 territa
1259 1144 1320 1206 et
1366 1142 1548 1227 inops
1597 1140 1845 1207 consilii
1881 1142 2107 1206 Atossa
2157 1140 2430 1205 Dareum
2463 1160 2537 1205 ex

297 1250 519 1315 inferis
570 1250 792 1315 elicere
840 1247 1238 1331 constituit⁶)
1284 1252 1365 1331 (v.
1413 1252 1542 1315 598
1577 1249 1749 1334 sqq.)
1796 1249 2107 1333 choroque
2162 1247 2421 1313 mandat
2467 1248 2540 1313 ut

299 1376 458 1442 quae
506 1357 584 1422 ad
611 1357 1030 1421 evocationem
1057 1356 1406 1421 necessaria
1429 1358 1577 1437 sint,
1628 1356 1744 1438 lac,
1795 1355 1942 1435 mel,
1992 1372 2241 1439 aquam,
2298 1354 2537 1437 vinum,

299 1465 517 1546 olivae,
590 1465 751 1529 serta
800 1464 962 1528 libet
1007 1464 1301 1528 manibus
1350 1466 1412 1528 et
1458 1464 1733 1529 carmine
1790 1462 2038 1545 magico
2086 1461 2253 1545 regis
2301 1462 2539 1527 larvam

303 1572 474 1637 citet.
568 1571 735 1637 Dum
786 1570 1010 1636 chorus
1060 1590 1308 1636 carmen
1356 1572 1587 1652 cantat,
1661 1569 1910 1635 Tartari
1958 1570 2126 1653 deos,
2198 1569 2537 1650 Tellurem,

306 1678 712 1760 Mercurium,
763 1678 1100 1743 Plutonem
1133 1678 1412 1760 advocat,
1462 1677 1739 1743 Dareum
1770 1678 1926 1757 orat,
1974 1678 2047 1742 ut
2078 1694 2265 1761 super
2295 1675 2541 1741 tumulo

303 1786 475 1850 veste
554 1784 729 1869 regia
806 1786 1068 1849 indutus
1141 1784 1456 1867 ascendat,
1552 1786 1775 1850 Atossa
1854 1783 2164 1849 sacrificat
2238 1784 2540 1866 libatque.

305 1890 592 1975 Caligine
640 1890 862 1977 Stygia
909 1911 1084 1957 senes
1155 1891 1771 1973 circumfunduntur,
1843 1890 1955 1976 qui
2024 1891 2105 1956 ad
2178 1890 2539 1974 apparentis

304 2001 561 2065 umbrae
607 2000 796 2082 pedes
845 2000 1288 2083 procumbunt.
1383 1998 1625 2064 Dareus
1675 2018 1740 2063 se
1786 2017 2000 2083 preces
2048 1997 2539 2064 obsecrationes-

306 2126 427 2191 que
473 2106 792 2171 audivisse
840 2106 998 2171 dicit
1045 2108 1127 2188 et,
1196 2105 1348 2189 quid
1397 2107 1675 2190 cupiant,
1746 2104 1994 2189 quaerit
2062 2108 2146 2186 (v.
2198 2106 2321 2171 681
2358 2108 2542 2190 sqq.).

301 2210 410 2279 Illi
479 2213 852 2295 respondere
923 2232 1041 2277 non
1102 2213 1355 2278 audent.
1449 2213 1690 2278 Iterum
1738 2232 1773 2277 a
1824 2231 1968 2296 rege
2015 2212 2260 2294 moniti,
2334 2214 2410 2277 ut
2450 2212 2544 2276 lo-

307 2321 604 2404 quantur,
675 2339 740 2384 se
786 2339 884 2384 res
956 2320 1248 2385 adversas
1298 2339 1551 2385 narrare
1599 2340 1719 2385 non
1772 2320 1999 2386 audere
2047 2319 2286 2387 dicunt.
2380 2320 2546 2385 Tum

307 2427 547 2492 Dareus
596 2418 882 2511 regina'm
919 2425 1286 2511 alloquitur,
1337 2447 1494 2513 quae
1528 2427 1869 2493 Persarum
1904 2428 2145 2495 cladem
2180 2428 2237 2492 ei
2270 2426 2541 2492 nuntiat.

305 2535 375 2599 In
429 2535 714 2617 sequenti
763 2534 1068 2617 colloquio
1117 2535 1292 2601 larva
1341 2536 1600 2601 Atossae
1650 2535 1920 2620 exponit,
1970 2535 2279 2619 quomodo
2310 2534 2542 2600 Xerxes

306 2641 787 2725 Hellespontum
835 2643 1266 2725 transgressus
1315 2643 1418 2723 sit,
1492 2644 1553 2708 et
1599 2647 1737 2707 tum
1797 2643 2053 2707 demum
2099 2643 2321 2709 Persas
2368 2644 2542 2707 tran-

305 2749 500 2831 quille
547 2751 607 2814 et
655 2748 926 2813 feliciter
972 2748 1245 2815 vict-uros
1294 2769 1428 2814 esse
1473 2750 1739 2832 indicat,
1808 2768 1951 2815 cum
2000 2749 2254 2815 Graecis
2302 2750 2543 2815 bellum

307 2856 540 2920 inferre
611 2856 932 2921 desierint.
1059 2856 1316 2941 Pugnae
1387 2855 1769 2922 Salaminiae
1838 2856 2075 2923 exitum
2145 2855 2544 2936 vaticinatu8‚

311 2981 508 3043 senes,
583 2964 656 3027 ut
701 2963 955 3027 fortuna
1023 2964 1086 3027 et
1142 2963 1274 3028 vita
1318 2964 1632 3045 fruantur,
1702 2964 2008 3047 hortatus,
2080 2964 2339 3030 Atossae
2407 2965 2547 3031 vale

312 3068 525 3133 dicens
574 3070 906 3135 evanescit.
1002 3068 1242 3135 Chorus
1292 3071 1356 3135 et
1403 3072 1628 3136 Atossa
1674 3077 1756 3151 (v.
1807 3072 1935 3137 843
1969 3071 2160 3156 sqq),
2218 3071 2373 3155 quid
2420 3071 2545 3137 sibi

309 3176 464 3238 mali
497 3176 812 3258 acciderit,
863 3179 1231 3260 queruntur.
1297 3178 1511 3261 Longo
1543 3178 1820 3243 carmine
1852 3198 2029 3244 senes
2058 3178 2245 3243 Darei
2275 3197 2543 3262 regnum

309 3285 499 3365 atque
547 3284 883 3365 imperium
930 3283 1269 3351 celebrant.
1363 3283 1503 3364 Qua
1551 3286 1907 3351 evocatione
1952 3287 2017 3351 in
2064 3286 2323 3369 fabuliS,
2388 3306 2547 3372 quae

312 3390 392 3453 ad
440 3409 551 3453 nos
609 3393 1046 3473 pervenerunt,
1118 3391 1298 3456 nulla
1367 3391 1614 3475 longior
1685 3395 1794 3458 aut
1863 3394 2209 3459 accuratior
2278 3394 2552 3460 inveniri

310 3497 534 3579 potest.
630 3497 1013 3581 Aeschylum
1059 3500 1135 3562 ab
1171 3499 1441 3564 Homero
1488 3499 1757 3583 pendere
1790 3500 2197 3567 manifestum
2244 3504 2359 3583 est,
2408 3522 2548 3568 evo-

311 3603 574 3668 cationis
668 3604 1173 3688 praeparationes
1252 3624 1430 3689 pares
1509 3609 1660 3672 suut
1750 3608 1913 3691 apud
2009 3626 2132 3691 eoa,
2212 3609 2317 3674 sed
2392 3628 2550 3679 nova

503 3943 550 4010 ι)
587 3942 786 3998 Utrum
823 3943 928 3999 hoc
965 3946 1231 3999 somnium
1270 3946 1326 3999 in
1363 3946 1661 4015 Phrynichi
1698 3947 2014 4003 Phoenissis
2052 3950 2326 4006 exstiterit
2363 3968 2550 4021 necne,

319 4031 656 4086 disseres-unt
693 4030 973 4102 Gruppius
1012 4031 1272 4101 (Ariadne
1312 4052 1364 4105 p.
1408 4033 1538 4105 628)
1579 4043 1637 4092 et
1674 4037 1992 4094 Staehlinus
2028 4037 2064 4093 l.
2103 4037 2139 4092 l.
2178 4057 2231 4109 p.
2276 4040 2356 4095 11.

500 4119 546 4188 ⁸)
585 4119 939 4177 Locutionem
976 4122 1270 4192 παρίσταται
1306 4140 1417 4207 non
1453 4124 1621 4179 semel
1658 4125 1886 4182 Nonnns
1923 4128 2208 4197 usurpavit
2243 4129 2301 4183 in
2339 4129 2545 4185 umbris

316 4211 726 4281 apparentibus.

435 4288 446 4297 “
495 4298 539 4367 ⁸)
576 4298 734 4365 Quod
773 4301 939 4355 etiam
980 4300 1422 4358 Wilamowitsius
1460 4303 1494 4358 Ι.
1532 4302 1574 4361 l.
1611 4303 1791 4374 affert,

496 4387 543 4455 ⁴)
579 4387 872 4445 Praeterea
907 4388 1014 4445 hoc
1049 4392 1259 4446 somnio
1297 4398 1463 4461 poeta
1499 4391 1571 4446 ad
1608 4391 1775 4449 Darei
1813 4396 2186 4451 evocationem
2224 4398 2443 4453 transit.

501 4477 548 4546 ⁸)
584 4477 668 4533 De
703 4478 807 4533 hac
843 4494 1041 4535 scaena
1076 4479 1200 4534 vide
1237 4479 1403 4536 etiam
1441 4480 1760 4537 Richter-um
1794 4483 1834 4540 l.
1870 4484 1906 4539 1.
1945 4502 1999 4555 p.
2036 4484 2105 4540 95
2132 4501 2250 4557 sqq.
