3242 5059
1634 428 2069 491 ...46-

1053 641 1160 683 nec
1209 632 1376 684 terra
1420 621 1623 683 solum
1667 624 1947 683 tremuit:
1991 632 2045 683 et
2082 632 2348 706 pontum
2394 645 2579 686 suum

1053 727 1259 790 adesse
1310 726 1611 791 Achillem
1656 730 1843 791 sensit
1888 751 1961 790 ac
2004 730 2225 791 stravit
2269 730 2451 795 vada.

908 851 1072 916 Tum
1140 852 1356 915 tellure
1408 853 1615 936 fracta
1661 852 1942 917 Achilles
2013 852 2294 919 ascendit
2365 873 2555 937 super
2622 854 2869 919 tumulo
2914 855 2979 919 et

732 958 961 1023 emicat
1008 959 1235 1041 ingens
1285 959 1510 1023 umbra
1557 960 1749 1024 armis
1798 959 2193 1043 fulgentibus
2227 961 2293 1042 ¹),
2368 963 2619 1045 qualem
2690 961 2755 1025 in
2803 959 2976 1026 bello

731 1065 998 1131 Troiano
1047 1085 1112 1131 se
1158 1066 1467 1150 praebuit.
1563 1066 1715 1130 Irati
1769 1086 1881 1131 vox
1915 1086 2096 1131 omu'o
2147 1068 2300 1133 litus
2333 1068 2555 1151 implet
2602 1079 2666 1133 et
2696 1068 2974 1148 minanS,

730 1175 803 1238 ut
849 1173 1162 1257 Polyxena
1212 1172 1436 1257 Pyrrhi
1493 1193 1686 1238 manu
1757 1177 2086 1255 mactetur,
2158 1175 2423 1260 flagitat.
2541 1175 2783 1242 Deinde
2853 1176 2974 1241 sub

729 1280 858 1345 alta
907 1283 1084 1345 nocte
1134 1281 1452 1347 evanescit
1499 1281 1561 1346 et

2053 1408 2504 1472 ...immoti
2547 1410 2839 1472 iacent

906 1514 1418 1598 tranquilla
1455 1514 1784 1599 pela9i‚
1832 1525 2134 1578 ventus
2188 1514 2514 1578 abiecit
2558 1518 2837 1578 ‘minas

895 1621 1522 1705 placidumque
1567 1621 1758 1695 fluctu
1803 1632 2162 1684 mumiurat
2208 1623 2333 1685 leni
2376 1644 2602 1685 mare

918 1725 1251 1791 Tritonum
1296 1726 1372 1789 ab
1421 1728 1545 1790 alto
1591 1730 1809 1791 cecinit
1853 1728 2253 1813 hymenaeum
2298 1728 2540 1794 chorus.

905 1871 1075 1934 Haec
1164 1871 1389 1935 umbra
1479 1869 1733 1936 fabulae
1823 1871 2131 1936 actionem
2222 1872 2477 1955 profert,
2602 1891 2742 1936 cum
2836 1874 2973 1937 tota

725 1977 1052 2061 tragoedia
1123 1978 1199 2042 de
1247 1978 1596 2063 Polyxenae
1653 1981 1717 2043 et
1763 1977 2162 2062 Astyanactis
2231 1978 2419 2076 caede
2466 1980 2709 2063 agatur.
2830 1980 2971 2059 Quo

727 2086 909 2150 modo
957 2088 1185 2151 natura
1232 2087 1457 2150 umbra
1505 2086 1833 2168 apparenti
1881 2088 2253 2167 moveretur,
2314 2086 2497 2169 poeta
2542 2086 2973 2170 pulcherrime

729 2192 1030 2281 depinxit,
1112 2212 1270 2278 quae
1341 2193 1679 2277 descriptio
1750 2194 1963 2278 aperte
2031 2192 2353 2259 rhetorum
2425 2193 2703 2259 scholam
2780 2192 2969 2276 sapit.

728 2298 1035 2365 Similiter
1104 2303 1290 2384 atque
1339 2300 1403 2365 in
1451 2299 1590 2365 Laii
1663 2300 2023 2365 evocatione
2047 2299 2095 2381 ¹³)
2168 2301 2284 2364 hoc
2326 2300 2506 2381 ,loco‚
2578 2300 2961 2384 Talthybius

725 2405 1094 2489 priusquam
1142 2408 1562 2472 narrationem
1617 2426 1797 2472 suam
1844 2407 2110 2491 incipit:

825 2530 1012 2596 Pavet
1061 2530 1318 2617 [inquit]
1368 2532 1618 2595 animus
1664 2542 1839 2595 artus
1884 2532 2176 2595 horridus
2222 2542 2475 2615 quassat
2520 2542 2743 2597 tremor

815 2639 1056 2703 maiora
1101 2640 1261 2701 veris
1303 2649 1581 2701 monstra
1629 2640 1733 2701 vix
1776 2641 2033 2723 capiunt
2076 2638 2293 2721 fidem·

905 2778 1134 2844 Seneca
1185 2780 1452 2863 primam
1503 2781 1812 2865 originem
1862 2783 1939 2847 ab
1989 2780 2255 2845 Achillis
2304 2782 2371 2846 in
2418 2780 2632 2847 Nostis
2681 2782 2854 2846 larva
2904 2784 2967 2846 et

724 2889 800 2952 ab
837 2887 1160 2970 Euripidis
1195 2887 1445 2953 Hecuba
1472 2887 1520 2968 ³)
1567 2889 1699 2972 (νν.
1742 2890 1885 2970 109,
1927 2890 2048 2954 113
2084 2890 2251 2973 sqq.)
2279 2888 2491 2965 ducit;
2540 2887 2606 2952 iu
2635 2888 2967 2953 sententiis

725 2996 936 3059 autem
1007 2996 1070 3059 et
1139 2994 1599 3059 elocutionibus
1674 2994 1975 3060 Ovidium
2045 2995 2223 3074 (Met.
2271 2995 2427 3061 XIII
2498 2996 2627 3059 440
2661 2997 2825 3079 sqq.)
2895 2997 2968 3060 ut

725 3101 946 3167 multis
1021 3100 1162 3165 aliis
1235 3101 1387 3166 locis
1449 3100 1760 3181 imitatur,
1835 3102 2170 3185 descriptio
2219 3100 2485 3169 Senecae
2554 3102 2629 3166 ut
2695 3100 2964 3166 rhetoris

722 3209 926 3279 multo
974 3208 1247 3281 ornatior
1294 3208 1358 3272 et
1403 3208 1711 3291 copiosior
1770 3211 1883 3273 est.
1980 3207 2244 3274 Ovidius
2313 3209 2427 3273 hos
2476 3227 2692 3273 versus
2768 3211 2967 3273 ante

733 3313 1000 3379 Achillis
1049 3333 1378 3380 ascensum
1425 3314 1679 3380 exhibet
1724 3318 1808 3397 (v.
1859 3317 1986 3381 439
2021 3320 2141 3400 sq.)

817 3440 1026 3504 Litore
1079 3438 1357 3504 Threicio
1402 3440 1658 3505 classem
1702 3441 2002 3527 reliyarat
2048 3441 2303 3504 Atrides

781 3548 962 3615 ,dum
991 3559 1582 3632 marepacatum‚
1631 3549 1782 3611 dum
1813 3558 2025 3611 ventus
2054 3549 2345 3631 (mitior
2371 3547 2469 3631 4)
2501 3549 2767 3609 amicior
2797 3556 2961 3625 esset,

724 3709 916 3775 quam
965 3690 1360 3772 sententiam,
1430 3692 1504 3754 ut
1550 3709 1665 3773 ego
1714 3690 2019 3771 existim0‚
2092 3688 2323 3755 Seneca
2393 3692 2587 3773 post
2657 3687 2959 3771 imaginis

725 3798 1084 3887 abscessum
1162 3798 1252 3882 (v.
1324 3798 1449 3861 207
1487 3799 1649 3881 sqq.)
1720 3797 2044 3881 expressit.
2181 3795 2343 3861 Tum
2424 3796 2592 3879 apud
2661 3793 2962 3860 Ovidium

645 3936 652 3941 ·
719 3900 1034 3991 legimus:

809 4028 939 4093 Hic
981 4030 1200 4112 subito,
1249 4040 1522 4114 quantus
1567 4026 1709 4094 cum
1753 4032 1973 4093 viveret
2018 4049 2141 4093 esse
2184 4029 2409 4095 solebat
2424 4079 2439 4093 .
2468 4078 2484 4094 .
2513 4078 2528 4093 .
2546 4079 2563 4111 ‚

900 4226 941 4293 ¹)
979 4224 1064 4284 ct.
1103 4242 1268 4296 supra
1303 4244 1356 4297 p.
1398 4224 1464 4278 27
1511 4228 1568 4280 et
1605 4224 1748 4295 28‚1.

896 4314 940 4382 ²)
979 4313 1060 4370 cf.
1101 4331 1266 4385 supra
1304 4332 1358 4383 p.
1396 4314 1519 4383 45‚2
1557 4321 1615 4372 et
1650 4314 1812 4385 Verg.
1851 4313 1985 4371 Aen.
2014 4313 2102 4370 111
2140 4314 2227 4369 37.

897 4402 941 4473 ⁸)
982 4402 1063 4459 cf.
1090 4405 1405 4471 Emanium,
1445 4403 1518 4459 de
1556 4404 1681 4460 Seu.
1719 4403 1908 4459 fabula
1947 4421 2085 4475 quae
2122 4403 2284 4460 inser.
2310 4401 2573 4470 Troados,
2610 4399 2952 4472 Gymnasial-

716 4509 1029 4564 programm
1066 4492 1248 4548 Wesel
1293 4493 1426 4548 18⁷0
1465 4510 1516 4563 p.
1555 4494 1590 4547 4
1615 4510 1698 4565 sq.
