3242 5059
1619 366 1882 482 ..54
1976 453 2059 465 ..-

698 596 979 688 'narrat3
1028 608 1378 676 Cassandra
1426 611 1776 677 vaticinans
1821 593 1889 678 se
1938 632 2194 678 suorum
2227 612 2568 677 simulacra
2597 612 2812 677 videre
2861 620 2967 669 ex·

722 718 956 782 clamat
1036 715 1204 801 (Sen.
1264 721 1488 802 Agam.
1549 738 1606 784 ν.
1689 721 1805 783 741
1867 724 2050 804 sqq).
2168 720 2241 783 In
2322 718 2638 785 comoedia
2713 726 2970 803 quoque

722 824 960 906 (Plaut.
1015 825 1195 890 Most.
1246 847 1304 892 ν.
1354 827 1484 890 490
1532 826 1696 910 sqq.)
1747 825 2016 910 hospitis
2049 846 2160 910 per
2207 827 2336 891 vim
2385 825 2700 891 interfecti
2746 825 2966 890 visum

722 932 951 997 Tranio
1000 950 1215 997 servus
1265 935 1493 997 narrat.

902 1037 965 1121 c)
1013 1038 1331 1123 Aliquot
1364 1040 1552 1105 locis
1586 1042 1808 1125 poeta
1839 1040 2006 1124 ipse
2038 1043 2294 1107 larvae
2328 1040 2654 1125 speciem
2707 1031 2970 1105 narrat

724 1146 841 1211 vel
867 1148 1129 1210 evocat
1151 1146 1329 1211 velut
1345 1147 1585 1212 Ennius
1611 1148 1868 1226 (Annal.
1893 1148 1926 1214 Ι
1950 1148 2137 1232 frgm.
2167 1152 2386 1233 4sqq.)
2413 1146 2727 1213 somnium
2743 1158 2966 1216 suum3

722 1252 1011 1317 Lucanus
1082 1252 1193 1333 (IV
1223 1254 1349 1318 788
1377 1256 1539 1338 sqq.)
1601 1253 1891 1319 Curionis
1948 1255 2251 1321 exercitus
2310 1256 2641 1320 interitum
2699 1265 2967 1317 narrans

722 1359 1030 1425 exclamat
1075 1358 1418 1442 indignans
1465 1361 1658 1426 talem
1691 1362 2004 1427 fortunam
2042 1362 2216 1427 dirae
2250 1361 2653 1444 Carthaginis
2701 1361 2966 1425 umbras

722 1466 956 1531 invisas
1004 1468 1409 1533 excitaturam
1457 1487 1611 1533 esse.
1704 1468 1778 1532 In
1825 1468 2084 1534 Pothini
2115 1470 2541 1535 coniuratione
2587 1468 2677 1553 (X
2725 1472 2763 1533 6
2797 1464 2969 1551 sqq.)

722 1575 903 1657 poeta
950 1573 1212 1659 Pompei
1260 1576 1534 1639 animam
1578 1579 1776 1657 vocat,
1825 1596 1972 1642 nam
2020 1596 2156 1641 eam
2207 1576 2456 1641 Caesari
2505 1575 2692 1641 saluti
2740 1574 2963 1641 fuisse.

722 1680 975 1746 Similes
1034 1680 1376 1747 sententias
1450 1683 1614 1767 apud
1666 1675 1896 1748 Silium
1971 1684 2063 1767 (II
2112 1685 2240 1749 704
2289 1686 2473 1768 sqq.),
2538 1680 2967 1747 Claudianum

720 1788 816 1871 (iu
865 1789 1121 1873 Eutrop.
1173 1789 1203 1853 Ι
1252 1792 1373 1855 451
1430 1792 1592 1875 sqq.)
1650 1792 1974 1873 habemus,
2049 1811 2209 1875 quae
2278 1795 2442 1856 certe
2501 1810 2571 1855 ex
2639 1780 2967 1855 rhetorum

723 1896 937 1961 schola
983 1894 1243 1961 haustae
1290 1900 1457 1963 suut.

902 2003 965 2087 d)
997 2002 1145 2067 Iam
1197 2007 1716 2088 quaerendum
1751 2007 1891 2085 est,
1934 2008 2193 2071 utrum
2228 2007 2539 2070 umbrae
2593 2005 2970 2070 continua

722 2112 1069 2175 oratione
1137 2111 1551 2196 loquantur
1598 2132 1687 2176 an
1737 2115 1828 2178 ab
1877 2113 1980 2196 e'o,
2053 2114 2176 2180 cui
2225 2117 2660 2192 occurrunt,
2730 2112 2973 2175 inter-

721 2220 1196 2301 ru'mpantur‚
1225 2237 1369 2301 qua
1402 2239 1477 2284 re
1508 2220 1721 2285 vices
1755 2239 2181 2285 sermonum
2213 2221 2424 2285 fiunt.
2474 2219 2780 2283 Plurimis
2807 2214 2972 2283 locis

721 2326 1107 2409 spectrorum
1140 2326 1337 2390 oratio
1369 2327 1668 2392 continua
1705 2346 1906 2412 neque
1940 2326 2304 2391 intermissa
2335 2328 2449 2405 est,
2499 2327 2648 2410 quia
2680 2326 2967 2409 plerum-

722 2449 844 2516 que
912 2432 982 2514 ii,
1063 2432 1293 2517 quibus
1363 2435 1668 2516 apparent
1729 2435 1959 2515 larvae,
2030 2435 2266 2499 terrore
2334 2434 2433 2500 vel
2507 2435 2760 2515 stupore
2828 2433 2967 2495 tam

722 2538 1102 2604 consternati
1151 2559 1222 2605 ae
1270 2542 1619 2623 perturbati
1668 2545 1836 2623 sunt,
1883 2544 1956 2606 ut
2003 2544 2066 2605 et
2112 2543 2285 2625 loqui
2335 2543 2397 2606 et
2427 2540 2800 2623 respondere
2834 2555 2962 2602 non

721 2647 981 2729 possint.
1081 2647 1147 2709 ln
1198 2647 1584 2711 carminibus
1658 2648 1850 2730 epicis
1908 2648 2007 2712 his
2057 2647 2316 2712 alternis
2377 2646 2770 2711 sermonibus
2820 2662 2961 2710 raro

722 2754 993 2833 (duobus
1046 2754 1141 2818 vel
1189 2754 1394 2818 tribus
1443 2753 1628 2837 locis)
1699 2758 1918 2840 poetae·
1961 2756 2250 2832 utuntur,
2308 2754 2373 2819 in
2430 2752 2774 2837 tragoediis
2823 2770 2958 2817 sae-

720 2860 865 2946 pius
913 2860 1215 2944 (quinque
1261 2860 1463 2945 locis).
1558 2862 1769 2927 Iustae
1815 2862 1980 2926 vices
2025 2880 2382 2926 sermonum
2415 2879 2538 2926 non
2586 2860 2750 2925 fiunt
2799 2859 2862 2924 in
2900 2856 2959 2921 Ψ

721 2968 809 3050 (v.
860 2969 945 3033 65
994 2972 1176 3051 sqq),
1225 2970 1433 3032 tamen
1482 2969 1610 3033 iam
1661 2968 2062 3053 colloquendi
2103 2969 2387 3034 studium
2436 2967 2765 3047 sentimus,
2811 2986 2958 3032 nam

724 3073 1023 3151 Achilles,
1072 3076 1290 3159 postq
1307 3094 1394 3139 ua
1420 3095 1481 3139 m
1553 3076 1882 3141 Patroclus
1930 3077 2178 3141 locutus
2227 3078 2340 3157 est,
2402 3095 2545 3141 eum
2610 3073 2961 3159 alloquitur

726 3192 917 3267 seque
965 3182 1176 3247 omnia
1222 3182 1534 3247 facturum
1570 3202 1703 3248 esse
1737 3185 1800 3247 et
1848 3202 1990 3248 cum
2041 3184 2240 3263 amico
2273 3182 2547 3267 colloqui
2580 3182 2742 3248 velle
2783 3180 2958 3263 dicit,

725 3289 836 3355 ille
884 3292 1093 3353 tamen
1145 3288 1309 3352 nihil
1354 3291 1737 3373 respondens
1772 3289 2105 3355 evanescit.
2201 3292 2442 3355 Aeneas
2475 3291 2685 3355 autem
2734 3308 2958 3374 appa·

724 3398 1030 3461 rentem
1099 3396 1430 3461 Hectorem
1501 3396 1850 3482 alloquitur
1949 3398 2167 3481 (Verg.
2242 3400 2394 3464 Aen.
2455 3396 2516 3462 II
2573 3396 2699 3461 281
2774 3399 2958 3480 sqq.),

723 3524 847 3588 qua
926 3504 1002 3569 de
1071 3522 1257 3568 causa
1330 3503 1547 3568 veniat
1624 3507 1687 3569 et
1763 3525 1874 3569 cur
1918 3505 2049 3569 tam
2106 3504 2393 3588 foedatus
2451 3504 2554 3569 sit.
2649 3494 2959 3568 Arcadius

722 3611 1141 3675 Theodosium
1190 3594 1495 3677 minorem
1535 3611 1661 3677 sibi
1694 3616 2120 3677 occurrentem
2167 3610 2413 3691 (Claud.
2442 3613 2518 3676 de
2567 3611 2735 3676 bello
2783 3609 2955 3675 Gild.

723 3738 779 3782 v.
832 3720 957 3782 225
1009 3721 1173 3802 sqq.)
1220 3720 1423 3784 laetus
1471 3719 1707 3784 salutat
1739 3721 1926 3803 atque
1959 3738 2030 3784 ex
2061 3738 2151 3800 eo,
2200 3719 2366 3783 unde
2411 3718 2641 3800 veniat,
2692 3715 2957 3801 quaerit.

716 3826 794 3893 In
864 3825 1206 3911 tragoediis
1284 3827 1494 3891 autem
1570 3826 1847 3910 integros
1920 3844 2234 3891 sermones
2281 3826 2602 3891 habemus.
2697 3824 2960 3905 Darem,

724 3932 973 4013 (Aesch.
1002 3932 1171 3999 Pers.
1205 3952 1262 4000 v,
1294 3935 1409 3999 681
1448 3937 1613 4019 sqq.)
1646 3932 1849 4018 primo
1875 3952 2017 3999 cum
2045 3931 2250 4012 oborn,
2278 3932 2503 3998 deinde
2535 3951 2679 3997 cum
2713 3934 2960 4010 Atossa,

724 4046 862 4103 tum
894 4058 1035 4105 cum
1075 4040 1260 4105 choro
1291 4039 1590 4124 loquitur.
1647 4040 1865 4106 Anteit
1881 4040 2161 4105 ascensui
2198 4039 2369 4104 chon·
2403 4059 2650 4104 carmen
2683 4042 2959 4121 (carmen

720 4146 1038 4230 magicum
1087 4147 1187 4211 vel
1235 4148 1611 4231 incantatio)
1659 4167 1695 4212 a
1742 4166 1925 4212 versu
1974 4148 2102 4212 623
2149 4166 2351 4231 usque
2399 4146 2478 4211 ad
2527 4164 2776 4211 versum
2826 4147 2957 4211 680

722 4254 1062 4337 patinam,
1133 4255 1272 4319 tum
1321 4255 1557 4319 Dareus
1614 4272 1919 4339 apparens
1965 4253 2270 4319 trimetris
2317 4253 2608 4320 iambicis
2656 4256 2776 4335 (vr.
2829 4254 2950 4330 681

725 4362 967 4441 -693)
1043 4360 1348 4445 loquitur,
1422 4362 1646 4425 chorus
1716 4360 1920 4427 tribus
1968 4361 2253 4426 versibus
2332 4363 2659 4445 (quattuor
2729 4360 2956 4426 ionicis

723 4489 761 4535 a
805 4468 1039 4535 maiore
1087 4470 1150 4534 et
1193 4468 1611 4554 paroemiaco)
1681 4488 1748 4535 se
1794 4487 2006 4553 regem
2051 4468 2288 4537 intueri
2356 4487 2480 4533 non
2527 4468 2756 4533 audere
2803 4467 2961 4533 dicit
