3242 5059
1185 422 1625 489 ..45-

470 617 770 684 Narratos
797 620 1153 685 animarum
1191 638 1486 685 ascensus
1513 638 1683 685 nunc
1706 620 2006 685 tractabo.
2077 618 2460 684 Brevissime
2475 619 2525 699 ¹)

287 724 428 789 Laii
477 725 898 791 evocationem
947 728 1227 811 tangam.
1278 726 1520 810 Oedipo
1553 726 1899 811 quaerenti,
1948 725 2128 791 cuius
2175 727 2375 791 morte
2423 725 2526 791 dei

280 832 517 916 placari
566 834 831 916 possint,
905 833 1058 899 Oreo
1107 834 1416 919 quomodo
1462 832 1601 899 Laii
1650 834 1875 899 umbra
1922 852 1995 899 ex
2040 833 2261 898 inferis
2308 822 2525 899 elicita

282 939 389 1022 sit,
442 940 914 1005 accuratissime
948 940 1248 1007 describit
1280 940 1458 1022 (Oed.
1510 962 1566 1006 v,
1604 941 1733 1006 530
1759 943 1941 1025 sqq.).
2042 941 2117 1007 In
2161 941 2302 1006 luco
2351 922 2525 1005 sacro

281 1046 536 1111 silentio
585 1050 775 1133 atque
821 1048 1096 1132 caligine
1128 1047 1419 1114 horribili
1489 1048 1783 1113 omuibus
1841 1048 2165 1113 sacrificiis
2198 1047 2522 1141 libationi-

279 1154 527 1237 busque
575 1154 842 1237 peractis
876 1158 1042 1221 terra
1091 1155 1378 1236 dehiscit,
1449 1155 1750 1220 Tartarus
1819 1154 2152 1238 panditur3
2229 1142 2522 1238 precibus

283 1261 626 1345 geminatis
699 1263 911 1327 vultus
982 1281 1202 1346 opacos
1251 1263 1422 1328 tollit
1467 1261 1658 1327 Laius
1732 1264 2040 1346 sanquine
2084 1258 2275 1343 effuso
2323 1254 2526 1325 hom-i-

281 1368 404 1430 dus
451 1380 506 1432 et
564 1370 838 1452 paedore
896 1369 1079 1447 foedo
1124 1370 1480 1453 squalidam
1525 1369 1797 1436 obtentus
1821 1368 1867 1449 ²)
1937 1388 2173 1433 comam
2219 1373 2281 1433 et
2326 1370 2523 1433 inter-

285 1475 583 1540 fectorem
637 1475 875 1561 detegit
947 1480 1006 1541 et
1052 1477 1452 1543 vaticinatur.
1548 1474 1721 1555 Quae
1769 1476 1956 1561 longa
2005 1476 2303 1560 expositio
2350 1478 2525 1560 epica

286 1582 469 1647 nullo
537 1584 722 1648 modo
793 1583 1060 1667 quadrat
1135 1584 1213 1648 ad
1282 1584 1645 1666 tragoediae
1691 1583 1976 1665 formam,
2048 1603 2194 1650 nam
2243 1583 2525 1668 Oedipus

279 1689 762 1775 cupidissimus,
834 1692 976 1776 quis
1049 1691 1302 1756 sceleris
1351 1694 1568 1757 auctor
1638 1691 1851 1773 fuerit,
1902 1692 2317 1775 cognoscendi
2363 1694 2525 1786 lianc

283 1797 604 1880 copiosam
654 1797 1024 1882 largamque
1073 1799 1443 1864 relationem
1491 1799 1710 1863 audire
1758 1798 2026 1882 cogitur.
2122 1798 2261 1863 Laii
2309 1788 2523 1865 oracu-

279 1904 420 1969 lum
453 1904 532 1969 ad
569 1904 820 1970 fabulae
846 1908 1153 1970 actionem
1190 1907 1673 1990 promovendam
1706 1906 2149 1988 necessarium,
2190 1884 2524 1990 descriptio

277 2018 416 2076 tam
467 2012 656 2093 longa
704 2014 892 2096 atque
930 2013 1137 2078 effusa
1185 2032 1645 2097 supervacanea
1692 2010 1869 2094 θεῖ’).

463 2118 863 2204 TalthybiuS,
936 2120 1242 2204 quomodo
1293 2118 1563 2185 Achillis
1621 2121 1937 2202 spectrum
1998 2118 2394 2202 Polyxenam,
2454 2122 2527 2184 ut

285 2224 416 2289 sibi
466 2226 867 2308 mactaretur,
913 2246 1174 2310 poscens
1224 2247 1294 2291 ex
1347 2225 1564 2291 inferis
1612 2226 1982 2306 escenderit,
2032 2226 2130 2290 his
2164 2227 2370 2292 verbis
2420 2247 2521 2291 ex-

282 2331 508 2415 primit
557 2332 806 2412 (Troad.
858 2354 915 2398 v.
973 2334 1094 2399 170
1142 2335 1338 2418 sqq.):

677 2490 690 2504 .
745 2488 757 2503 .
805 2424 1050 2505 summ'a
1096 2443 1228 2503 iam
1283 2438 1472 2507 Titan
1519 2443 1674 2525 iuqa
1714 2488 1716 2490 .

608 2547 943 2634 strinqebat
989 2559 1148 2627 ortu,
1197 2550 1424 2612 vicerat
1467 2559 1701 2611 noctem
1746 2547 1898 2626 dies,-

607 2675 747 2716 cum
790 2654 987 2718 subito
1031 2676 1202 2722 caeco
1247 2666 1450 2719 terra.
1495 2657 1788 2740 muyitu
1832 2655 2155 2738 fremens
2196 2742 2199 2747 Ι

607 2782 894 2851 concussa
942 2772 1089 2827 totos
1134 2764 1325 2826 tras-it
1370 2782 1445 2826 ex
1491 2763 1616 2825 imo
1660 2764 1857 2842 sinus,

606 2888 889 2933 movere
931 2870 1190 2932 silvae
1234 2871 1501 2953 capita
1524 2867 1582 2950 ⁴)
1630 2880 1685 2931 et
1730 2868 2028 2933 excelsum
2072 2890 2285 2933 nemus

528 3052 533 3058 ¹
608 2973 862 3060 fraym·e
906 2988 1074 3039 vasto
1119 2977 1313 3042 tonuit
1344 2987 1398 3039 et
1443 2976 1618 3041 lamas
1663 2996 1833 3039 sacer

607 3082 751 3145 idea
798 3084 1000 3166 ruptis
1043 3104 1200 3149 saxa
1243 3086 1591 3149 ceciderunt
1636 3085 1802 3170 iuyis

605 3199 660 3251 et
704 3192 894 3253 scissa
937 3191 1121 3254 vallis
1166 3193 1370 3275 aperit
1414 3193 1741 3254 immensos
1784 3211 1997 3275 specus

279 3351 490 3359 ———

473 3419 515 3487 ¹)
553 3420 691 3476 Nam
730 3422 949 3492 copiose
1011 3438 1128 3476 eam
1193 3425 1569 3477 tractaverunt
1624 3420 1913 3489 Braunius,
1968 3421 2071 3477 Rh.
2109 3420 2249 3477 Mus.
2288 3421 2374 3489 22,
2414 3424 2520 3478 270

281 3525 428 3582 sqq.,
471 3509 792 3565 Liedloffius
846 3510 882 3566 1.
920 3510 956 3565 l.
997 3528 1048 3581 p.
1093 3511 1153 3563 Π
1194 3527 1332 3582 sqq.,
1385 3510 1647 3581 Ettigius,
1707 3508 1809 3564 1.1.
1840 3528 1892 3581 p.
1933 3509 2055 3575 372,
2093 3510 2141 3565 2.
2189 3540 2254 3549 —
2294 3506 2522 3566 Braunii

289 3598 604 3667 opinionem
667 3599 1040 3654 refutaverunt
1075 3598 1407 3668 Habrucker,
1465 3598 1687 3665 Quaest.
1735 3598 2152 3654 Annaeanarum
2190 3600 2373 3669 capita
2426 3600 2522 3669 IV,

283 3688 436 3743 Dies.
474 3686 820 3759 Konigsberg
866 3687 1018 3753 1878,
1075 3706 1126 3757 p.
1155 3688 1241 3754 86,
1281 3689 1607 3755 Straussius,
1653 3686 1861 3742 Ztschr.
1887 3688 1925 3742 f.
1954 3691 2143 3743 osterr.
2174 3686 2519 3758 Gymnasial·

280 3792 461 3831 wesen
500 3776 813 3844 xxxxm,
859 3778 1009 3843 1892,
1049 3778 1168 3831 734.

469 3865 513 3933 ⁸)
551 3866 676 3921 Fari
732 3867 918 3921 horret
976 3865 1112 3921 Creo
1152 3882 1324 3937 aeque
1361 3858 1526 3936 atque
1576 3865 1725 3937 apud
1761 3862 2068 3935 Vergilium
2107 3864 2317 3921 Aeneas
2357 3864 2514 3937 Poly-

284 3954 410 4010 dori
454 3956 688 4026 speciem
727 3972 954 4010 narrans
991 3954 1149 4023 (Aen.
1189 3956 1276 4009 111
1315 3954 1406 4022 87)
1443 3958 1657 4023 eloquar
1693 3953 1914 4026 [inquit]
1954 3972 2024 4009 an
2059 3956 2255 4011 sileam.

468 4042 514 4112 ⁸)
553 4043 637 4099 Cf.
676 4043 1038 4116 Lessingium,
1075 4042 1297 4100 Theatr.
1339 4043 1480 4099 Bibl.
1521 4044 1551 4095 2
1589 4043 1671 4099 st.
1710 4043 1764 4099 S.
1792 4041 1879 4099 83.

464 4131 514 4199 ⁴)
550 4131 702 4198 Quae
738 4134 1046 4188 sententiae
1095 4150 1158 4187 ex
1211 4132 1309 4188 illo
1347 4131 1667 4202 Vergiliano
1704 4132 1825 4187 loco
1882 4136 2135 4202 sumptae
2190 4136 2318 4187 sunt
2358 4131 2515 4201 (Aen.

294 4221 374 4277 v1
412 4220 515 4275 256
553 4222 712 4293 sqq),
770 4222 867 4276 ubi
903 4226 1067 4293 poeta
1104 4220 1313 4275 Hecate
1349 4221 1673 4276 adveniente
1710 4219 1847 4275 haec
1883 4221 2055 4277 dicit:

500 4312 591 4365 sub
624 4312 840 4384 pedibus
876 4313 1127 4383 ,πυρίη
1163 4312 1364 4365 solum
1399 4319 1458 4365 et
1492 4313 1650 4381 iuqa
1686 4319 1923 4382 coepta
1960 4312 2191 4365 moveri

499 4403 842 4460 silvarum.

289 4488 385 4558 (cf.
425 4504 644 4560 quoque
682 4488 812 4543 Aen.
850 4489 941 4546 1v.
980 4488 1086 4542 490
1121 4487 1225 4557 sq.)
