3242 5059
1548 394 1993 461 ..⁶34-

655 591 788 656 loeo
863 592 1046 674 poeta
1130 592 1411 673 legentes
1490 590 1804 655 Ariadnae
1883 588 2318 655 misericordia
2408 588 2654 654 afficere
2731 587 2896 651 vult.

662 697 973 763 Ascensus
1004 696 1204 762 forma
1250 697 1466 762 eadem
1500 699 1615 777 est,
1665 716 1790 781 qua
1819 699 2036 780 poetae
2067 695 2229 780 epici
2259 696 2358 761 uti
2405 696 2634 776 solent3
2681 696 2900 783 partes

657 814 847 873 sunt:
893 804 1119 885 noetiS,
1152 804 1513 887 apparentis
1547 803 2098 888 evanescentisque
2132 804 2392 868 umbrae
2421 802 2898 885 descriptiones;

652 911 730 990 is,
780 910 884 976 eui
930 910 1107 975 larva
1149 930 1216 975 se
1262 909 1558 991 ostendit,
1606 913 1750 994 post
1795 911 2158 975 abscessum
2205 909 2607 975 lamentatur.

829 1016 1222 1099 Locutioues,
1294 1036 1447 1102 quas
1518 1017 1780 1083 Nounus
1851 1018 1930 1082 ad
1977 1016 2333 1082 animarum
2390 1035 2718 1081 ascensum
2764 1014 2899 1079 ior-

651 1125 954 1189 mandum
986 1123 1463 1207 ornandumque
1492 1123 1773 1205 adhibet,
1821 1124 2193 1207 plerumque
2225 1124 2474 1189 easdem
2508 1124 2609 1188 vel
2641 1122 2890 1188 similes

652 1250 786 1297 esse
834 1231 1140 1312 videmus3
1191 1250 1315 1315 qua
1356 1251 1427 1295 ex
1479 1250 1548 1295 re
1595 1231 1912 1313 copiosum
1963 1250 2085 1295 non
2133 1231 2330 1296 fuisse
2405 1232 2622 1314 poetae
2694 1248 2902 1313 genus

653 1338 907 1403 dicendi
984 1339 1189 1403 elucet
1217 1340 1282 1419 ¹).
1379 1337 1588 1402 Affero
1651 1338 1802 1402 has:
1883 1338 1936 1401 V
1985 1340 2114 1402 412
2161 1337 2363 1422 ψυχὴ
2439 1336 2769 1421 παρέστη
2831 1338 2906 1400 et

650 1444 917 1512 XLVIII
965 1444 1094 1511 530
1142 1464 1275 1529 sqq.
1347 1444 1580 1529 ψυχὴ.
1620 1443 2188 1527 ,παρισταμένης
2261 1444 2408 1520 XVI
2487 1446 2615 1509 292
2693 1443 2904 1527 ψυχὴ

650 1549 1065 1636 δ’ἠνεμόφοι
1088 1573 1208 1618 τος
1236 1558 1300 1616 et
1330 1550 1597 1636 XLVIII
1633 1552 1760 1616 530
1791 1550 1998 1635 ψυχὴ
2046 1549 2454 1635 δ’ἠνεμόφο
2477 1573 2648 1630 ιτος,
2684 1551 2737 1614 V
2764 1552 2902 1615 413

652 1657 888 1722 σκιόεν
918 1657 1138 1742 δέμας
1169 1659 1232 1722 et
1276 1656 1510 1723 XLVII
1548 1658 1676 1723 160
1721 1656 1984 1726 σκιόεις
2027 1656 2353 1741 γενέτης,
2403 1658 2455 1720 V
2506 1660 2632 1723 533
2669 1676 2804 1741 sq.:

866 1764 1015 1830 εἶπεν
1062 1764 1369 1848 ὀνειρείη
1415 1764 1623 1849 νοερὴ
1671 1764 1978 1849 κεμάςῗ),
2026 1765 2299 1849 ἀπροϊδὴς
2344 1763 2472 1846 δὲ’)

865 1869 1059 1957 ᾤχετο
1105 1873 1417 1957 πωτήέσσα

653 1981 713 2045 et
760 1980 994 2045 XLVII
1046 1982 1201 2043 150:

864 2090 1123 2171 κοῦφον
1170 2087 1513 2172 ὀνειρείης
1557 2092 1856 2171 σκιερῆς
1900 2085 2204 2152 εἴδωλον
2251 2086 2571 2168 ὀπωπῆς·

651 2194 799 2258 XVI
846 2195 1003 2261 293:

865 2300 1148 2385 παρθένον
1198 2300 1547 2384 ῧπναλέην
1589 2301 1868 2386 νυχίοις
1913 2301 2165 2386 ἐρέθιζεν
2214 2299 2522 2384 ὀνείροις

651 2410 715 2480 et
758 2408 1025 2474 XLVIII
1073 2410 1241 2477 531:

864 2516 1115 2601 νήδυμον
1161 2517 1435 2580 ὑπνώοντι
1478 2515 1870 2601 παρισταμένη
1916 2514 2196 2602 Διονύσῳ·

654 2624 706 2687 V
757 2625 886 2688 534
934 2642 1061 2708 sq.:

1745 2781 1759 2796 .
1790 2732 1916 2796 ,καὶ
1963 2728 2256 2813 Αὐτονόης
2302 2729 2651 2814 παρακοίτης

865 2836 1104 2922 ἄνθορεν
1150 2838 1294 2923 ὀμφ
1319 2840 1539 2923 ήεντο
1567 2860 1593 2906 ς
1639 2839 1677 2901 ἀ
1701 2838 2063 2922 πορρίψας
2105 2862 2148 2899 π
2169 2838 2386 2921 τερὸν
2440 2836 2655 2900 ὕπνου

652 2950 715 3012 et
760 2946 1026 3011 XLVIII
1074 2948 1237 3011 564:

866 3055 961 3115 καὶ
1005 3052 1227 3137 θρασὺς
1270 3049 1466 3135 ἔγρετο
1517 3048 1755 3136 Βάκχος
1800 3052 2198 3120 ἀποσκεδάσας
2243 3052 2446 3135 πτερὸν
2479 3051 2670 3114 ὕπνου·

654 3160 707 3224 V
762 3162 891 3226 550
942 3178 1066 3244 sq,:

865 3268 1049 3330 πάντα
1094 3266 1158 3330 δέ
1205 3266 1261 3329 οἵ
1304 3265 1462 3351 παρὰ
1507 3266 1723 3353 τύμβον
1767 3266 2108 3352 ἐπέγραφεν,
2157 3265 2302 3331 ὅσσα
2345 3270 2510 3349 τοκῆι

868 3374 1159 3460 ἔννυχος
1206 3372 1558 3442 Ἀκταίωνος
1603 3375 1635 3437 ὂ
1657 3397 1686 3436 ν
1714 3396 1745 3437 ε
1771 3396 1838 3457 ιρ
1863 3395 1896 3438 ε
1924 3376 1997 3457 ιή
2045 3376 2230 3459 φάτο
2277 3396 2423 3459 φων
2445 3376 2485 3459 ή

657 3485 722 3549 et
766 3483 1033 3550 XLVIII
1082 3482 1239 3550 532:

880 3590 1151 3675 ...ψυχὴ
1181 3638 1197 3655 .
1258 3586 1597 3675 Ἀριάδνης.
1629 3640 1642 3654 .
1673 3639 1688 3653 .

868 3698 1141 3781 ζηλήμων
1190 3696 1335 3781 μετὰ
1366 3696 1580 3781 πότμον
1629 3697 1966 3781 ὀνειρείῳ
2013 3697 2202 3782 φάτο
2251 3694 2483 3780 μύθῳ·

654 3805 802 3873 XVI
850 3805 1008 3870 302:

867 3912 959 3980 ὣς
1006 3910 1295 3996 φαμένη
1343 3910 1682 3976 σκιόεντι
1729 3910 2150 3979 πανείκελος
2195 3908 2472 3975 ἔσσυτο
2531 3914 2806 3994 καπνῷ
2839 3910 2908 3995 ⁴)

654 4019 716 4084 et
761 4017 997 4084 XLVII
1033 4019 1189 4084 148:

841 4194 885 4254 ')
924 4194 1007 4252 Cf.
1048 4194 1373 4253 Sabinorum
1430 4199 1513 4255 De
1548 4199 1843 4253 iteratione
1881 4198 2174 4254 Nonniana
2213 4199 2360 4255 Dino.
2399 4198 2552 4257 Vtut.
2598 4198 2746 4253 1908.

830 4285 882 4355 ⁸)
918 4284 987 4341 Id
1024 4292 1111 4341 est
1147 4286 1390 4343 Actaeon
1427 4288 1483 4343 in
1522 4304 1740 4343 cervum
1777 4293 2039 4344 mutatus.

830 4374 877 4443 ⁸)
918 4375 999 4430 Cf.
1040 4375 1363 4431 Schillerum
1402 4377 1437 4431 l.
1476 4377 1514 4433 l.
1555 4394 1605 4447 p.
1647 4378 1732 4431 21.

828 4464 881 4537 ·⁴)
920 4464 1004 4521 Cf.
1044 4464 1371 4521 Sehillerum
1406 4466 1443 4522 l.
1480 4466 1518 4522 1.
1557 4484 1608 4537 p.
1647 4468 1735 4534 42,
1773 4484 1936 4539 quem
1971 4466 2174 4524 XLVII
2218 4467 2322 4523 148
2355 4466 2520 4537 fugit.
