3242 5059
1240 399 1681 464 ..15-

755 595 932 665 ἀκτὰς
974 594 1271 663 γοἰποιίωνοῖς
1314 617 1378 658 τε
1425 594 1519 657 καὶ
1563 592 1957 679 μελαμβαθὲῒς

754 708 1001 767 λιποῦσα
1044 704 1239 786 λίμνης
1283 688 1462 785 ἦλθον
1508 699 1749 785 ἄρσενας
1793 702 1939 785 χοάς

765 810 1114 896 Ἀχέροντος
1161 810 1486 893 ὀξυπλῆγας
1530 807 1791 893 ἠχοῦσας
1834 806 2023 890 γόους.

517 920 788 985 Larvam
859 916 1126 983 Graecos
1197 916 1406 981 reditu
1477 915 1805 999 prohibere
1852 916 2138 980 conatam
2186 934 2319 981 esse
2365 917 2580 982 auctor

330 1028 457 1111 περὶ
505 1025 686 1110 ὕψους
762 1026 896 1106 XV,
946 1029 983 1089 7
1007 1024 1051 1105 ¹)
1131 1024 1230 1089 his
1309 1023 1516 1089 verbis
1597 1021 1905 1088 affirmat:
1986 1019 2177 1105 ἄκρως
2243 1022 2311 1085 δὲ
2381 1022 2476 1089 καὶ
2545 1023 2576 1084 ὁ

326 1129 630 1219 Σοφοκλῆς
674 1132 766 1195 ἐπὶ
818 1136 919 1195 τοῦ
965 1131 1308 1215 θνήσκοντος
1356 1127 1597 1194 Οἰδίπου
1658 1130 1752 1192 καὶ
1806 1128 2008 1192 ἑαυτὸν
2055 1127 2200 1212 μετὰ
2246 1129 2579 1213 διοσημείας

330 1242 477 1309 τινὸς
521 1240 839 1308 θάπτοντος
882 1239 1275 1323 πεφάντασται
1320 1239 1415 1300 καὶ
1461 1235 1608 1300 κατὰ
1654 1236 1749 1299 τὸν
1780 1234 2071 1299 ἀπόπλουν
2120 1241 2234 1299 τῶν
2272 1234 2290 1257 ²
2303 1232 2577 1322 Ελλήνων

327 1348 420 1411 ἐπὶ
463 1352 563 1411 τοῦ
611 1343 936 1432 Ἀχιλλέως
980 1344 1433 1430 προφαινομένου
1478 1348 1596 1412 τοῖς
1640 1342 2012 1427 ἀναγομένοις
2033 1342 2175 1427 ὑπὲρ
2221 1348 2321 1407 τοῦ
2368 1346 2577 1431 τάφου,
2696 1368 2701 1373 ·

325 1456 397 1539 ἣν
466 1454 570 1517 οὐκ
644 1452 750 1517 οἶδ’
822 1450 883 1517 εἴ
939 1476 1020 1522 τις
1087 1451 1216 1537 ὄψιν
1292 1451 1694 1538 ἐναργέστερον
1761 1452 2169 1535 εἰδωλοποίησε
2234 1446 2575 1535 Σιμωνίδου.

332 1563 663 1627 Praeterea
696 1562 1186 1645 Agamemnonis
1226 1561 1490 1625 mortem
1523 1559 1904 1643 praedixisse
1939 1559 2255 1631 Achillem
2286 1560 2577 1627 Welcker

336 1689 409 1734 ex
497 1668 852 1753 fragmento
930 1668 1060 1734 483
1137 1666 1227 1731 Ν2
1301 1666 1612 1731 conclusit
1700 1665 1863 1731 hanc
1954 1685 2241 1732 scaenam
2284 1740 2288 1744 ,
2324 1666 2577 1759 longius

338 1776 618 1859 patuisse
643 1773 1083 1855 existimans2).
1154 1772 1470 1839 Achillem
1491 1774 1873 1857 Polyxenam
1904 1773 2291 1856 flagitavisse
2314 1776 2573 1845 constat.

335 1886 800 1966 Argumentum
823 1884 1008 1965 poeta
1031 1901 1102 1945 ex
1123 1880 1338 1946 Nostis
1364 1879 1598 1945 hausit.
1635 1880 1958 1959 Umbram,
1988 1880 2150 1953 unde
2173 1881 2406 1963 veniat,
2432 1901 2572 1965 pro-

336 1990 628 2055 nuntiare
673 1990 982 2067 videmus,
1033 1988 1200 2072 quod
1246 1988 1376 2052 iam
1445 1988 1611 2068 apud
1660 1988 2005 2053 Homerum
2070 1988 2578 2072 Aeschylumque

326 2096 711 2163 invenimus.
1339 2144 1346 2151 -

511 2201 980 2287 Chrysothemis
1028 2202 1094 2266 in
1127 2200 1376 2267 Electra
1411 2200 1494 2283 (v.
1533 2203 1661 2266 417
1679 2204 1841 2285 sqq.)
1875 2200 2363 2285 Clytaemestrae
2410 2215 2573 2268 som-

339 2308 515 2375 nium
542 2310 823 2374 Electrae
847 2310 1079 2373 narrat.
1145 2310 1681 2391 Agamemnonem
1706 2309 1785 2374 ab
1810 2308 2029 2373 inferis
2055 2308 2290 2374 redisse
2316 2311 2379 2375 et
2402 2328 2575 2395 scep-

327 2418 518 2498 trum,
571 2416 740 2500 quod
787 2416 923 2499 ipse
969 2415 1122 2480 olim
1171 2414 1562 2499 gestavisset,
1610 2416 1751 2478 tum
1798 2418 2009 2480 autem
2042 2415 2319 2499 gestaret
2349 2416 2577 2501 Aegis-

329 2523 502 2603 thuS‚
551 2524 787 2607 cepisse
821 2524 1199 2606 captumque
1232 2522 1298 2586 in
1347 2523 1511 2587 terra
1548 2521 1835 2587 defixisse
1866 2522 2263 2604 somniabat3
2326 2542 2573 2589 succre-

332 2631 496 2695 visse
544 2648 617 2694 ex
663 2649 734 2694 co
781 2647 1028 2694 ramum
1075 2630 1272 2693 totam
1317 2630 1551 2694 terram
1615 2630 2019 2713 Mycenaeam
2073 2630 2573 2697 obumbrantem.

335 2739 470 2819 Quo
519 2736 758 2803 somnio
835 2736 1058 2801 territa
1106 2733 1564 2820 Clytaemestra
1642 2734 2123 2819 Chrysothemin
2182 2736 2576 2804 sacrificandi

334 2864 520 2910 causa
567 2845 646 2909 ad
692 2842 1182 2927 Agamemnonis
1215 2843 1538 2907 tumulum
1583 2842 1783 2907 misit.
1857 2841 2041 2921 Quod
2088 2845 2405 2909 somnium
2432 2858 2576 2909 cum

334 2951 803 3035 Chrysothemis
873 2950 1113 3015 nullius
1182 2950 1487 3015 momenti
1559 2969 1693 3015 esse
1741 2951 1941 3035 putet,
1992 2950 2237 3015 Electra
2282 2952 2362 3015 ab
2409 2952 2572 3037 Aga-

338 3076 666 3123 memnone
736 3060 872 3142 ipso
919 3058 1186 3123 missum
1247 3076 1380 3123 esse
1438 3076 1550 3140 pro
1606 3059 1773 3122 certo
1820 3057 2028 3122 habet.
2125 3056 2579 3141 Clytaemestra

340 3163 527 3247 paulo
597 3170 734 3247 post
783 3165 964 3229 domo
1022 3179 1273 3247 egressa
1320 3164 1705 3247 Apollinem,
1763 3165 1835 3228 ut
1880 3164 2204 3229 funestum
2260 3164 2576 3231 somnium

343 3271 598 3336 irritum
645 3271 857 3351 faciat,
903 3271 1222 3355 implorat.
1301 3271 1435 3335 Hoc
1465 3271 1599 3336 loco
1648 3290 1940 3337 ascensus
1990 3272 2189 3336 forma
2221 3275 2577 3357 contempta

332 3379 549 3461 poetae
592 3376 760 3441 nihil
803 3377 930 3441 nisi
963 3378 1404 3461 argumentum
1438 3397 1623 3443 curae
1658 3380 1767 3443 est.
1827 3377 2138 3443 Similiter
2168 3380 2233 3443 in
2278 3379 2576 3464 Aeschyli

334 3483 716 3569 Choephoris
781 3486 862 3566 (v.
914 3485 998 3551 32
1046 3488 1210 3567 sqq.)
1276 3486 1516 3550 somnio
1565 3482 2022 3569 Clytaemestra
2075 3487 2439 3570 perturbata
2488 3524 2568 3535 —

331 3579 544 3656 inferi·
575 3593 1064 3656 succensuerunt
1109 3589 1470 3676 (μέμφεσθαι
1513 3591 1648 3661 τοὺς
1690 3590 1801 3678 γᾶς
1844 3590 2040 3676 νέρθεν
2085 3592 2419 3677 περιθύμως
2461 3598 2575 3663 τοῖς

332 3698 603 3761 κτανοῦσί
643 3696 694 3759 τ’
745 3696 1027 3782 ἐγκοτεῖν)
1102 3734 1182 3745 -
1257 3698 1512 3763 chorum
1563 3699 1643 3764 ad
1676 3699 2165 3783 Agamemnonis
2214 3702 2573 3784 sepulcrum

337 3805 583 3871 libandi
660 3804 1178 3888 sacrificandique
1255 3824 1441 3870 causa
1515 3803 1779 3886 misit⁸).
1911 3806 1999 3872 Ut
2073 3809 2333 3891 apparet
2408 3809 2573 3891 apud

335 3911 718 3995 Aeschylum
765 3910 1080 3976 somnium
1130 3912 1618 3995 Clytaemestrae
1689 3913 2005 3977 nefastum
2052 3932 2207 3995 esse,
2265 3914 2357 3980 ita
2404 3915 2589 3999 apud*

341 4016 713 4101 Sophoclem
794 4017 887 4082 vis
967 4017 1101 4083 eius
1202 4018 1395 4083 dubia
1476 4018 1810 4101 videtur4).
1952 4017 2265 4097 Quoniam
2349 4020 2567 4086 Staeh-

515 4159 557 4227 ι)
600 4157 684 4213 Cf.
723 4157 1062 4215 Welckerum
1099 4159 1137 4215 l.
1175 4159 1212 4214 1.
1251 4176 1306 4231 p.
1349 4160 1466 4225 1527.

509 4246 554 4314 ⁸)
594 4246 650 4301 L.
668 4247 709 4302 1.
738 4265 792 4318 p.
821 4248 936 4304 180.

509 4337 555 4404 ⁸)
595 4336 677 4391 De
715 4336 819 4393 hac
855 4354 914 4393 re
953 4338 1076 4392 vide
1116 4337 1459 4393 Staehlinum
1495 4338 1534 4393 1.
1571 4338 1610 4394 1.
1648 4357 1701 4409 p.
1739 4340 1827 4409 30,
1869 4339 1956 4407 81,
1994 4340 2080 4408 85,
2118 4341 2245 4407 35‚4.

511 4425 556 4493 ⁴)
596 4425 912 4482 Staehlinus
948 4425 986 4479 1.
1024 4425 1060 4481 1.
1100 4444 1152 4497 p.
1192 4423 1256 4481 51
1298 4425 1437 4483 haec
1475 4427 1631 4482 dicit:
1696 4427 1935 4493 „Gavisa
1996 4428 2094 4483 hat
2129 4429 2273 4485 auch
2331 4429 2429 4484 das
2466 4430 2564 4485 Be·

335 4514 566 4581 di'ufnis‚
620 4514 775 4569 nicht
811 4515 892 4570 als
930 4514 1142 4570 blosser
1178 4514 1524 4571 Nachahmer
1559 4516 1661 4571 des
1699 4515 1995 4587 Aeschylos
2032 4533 2098 4571 zu
2138 4518 2339 4588 gulten,
2378 4520 2566 4587 mitge-
