3242 5059
1271 374 1672 435 ...7.-

523 567 805 632 Umbra
869 587 1097 650 supra
1171 570 1392 651 caput
1469 568 1867 649 adsistit1)
1930 570 1992 633 et
2067 568 2329 652 Achilli,
2426 570 2593 654 quod

357 674 545 739 amici
591 674 922 739 immemor
971 674 1225 757 dormit,
1297 676 1627 759 exprobrat
1675 692 1962 760 eumque,
2042 677 2115 742 ut
2163 695 2351 760 quam
2400 678 2593 742 celer-

349 782 507 846 rime
569 800 635 846 se
705 780 990 866 sepeliat,
1062 781 1317 863 incitat;
1388 783 1557 846 tum
1619 796 1997 867 exponens
2045 784 2249 849 unde
2294 782 2592 863 veniat,

348 907 418 953 se
496 888 732 953 circum
816 888 1067 953 Tartari
1152 889 1364 971 portas
1459 889 1681 973 vagari
1768 889 1944 954 dicit.
2054 890 2409 974 Postquam
2488 890 2597 957 de-

347 992 446 1059 dit
492 994 862 1060 mandatum
909 993 1289 1078 Achilli,·
1335 995 1484 1061 ille
1553 996 1933 1079 respondens
2004 1016 2174 1063 eum
2221 996 2595 1080 amplecti

359 1103 547 1183 vult,
595 1103 892 1168 umbra
939 1103 1185 1171 autem
1233 1102 1452 1167 fumi
1500 1102 1792 1167 similis
1840 1102 2253 1170 evanescit.
2332 1103 2593 1169 Achil-

346 1212 464 1277 les
513 1212 998 1293 experrectus
1047 1208 1172 1274 sibi
1219 1210 1406 1275 amici
1454 1210 1804 1293 plorantem
1838 1212 2413 1295 lamentantemque
2461 1210 2597 1277 ani-

349 1339 518 1385 mam
566 1316 907 1384 occurrisse
963 1316 1138 1381 dicit.
1231 1317 1322 1383 Ex
1367 1310 1483 1383 hoc
1531 1337 1814 1401 ascensu,
1878 1338 2303 1405 quoscumque
2349 1320 2599 1403 postera

349 1429 518 1493 aetas
567 1422 921 1509 composuit
966 1442 1261 1490 ascensus
1311 1425 1443 1490 nati
1491 1425 1675 1506 sunt3
1724 1427 2051 1509 sequentes
2082 1428 2299 1510 poetae
2330 1426 2597 1493 formam

349 1536 635 1618 paratam
680 1531 935 1612 habent,
992 1530 1312 1615 reliquum
1373 1533 1468 1597 est
1536 1532 1612 1598 ut
1680 1552 1817 1597 eam
1864 1534 2106 1615 ornent,
2176 1534 2324 1599 utut
2370 1532 2597 1618 cuique

352 1640 576 1726 placet,
625 1640 688 1703 et
733 1637 1096 1703 adhibeant.

536 1746 719 1812 Nunc
795 1746 1228 1811 convertamus
1293 1765 1402 1810 nos
1462 1745 1542 1810 ad
1588 1744 1869 1813 Tiresiae
1885 1746 1937 1829 ²)
1983 1747 2047 1811 in
2096 1750 2132 1810 λ
2182 1748 2271 1831 (v.
2321 1748 2405 1812 22
2432 1750 2597 1832 sqq.)

353 1854 794 1932 evocationem,
869 1851 950 1917 ad
1006 1872 1194 1936 quam
1243 1871 1458 1919 omnes
1505 1854 1922 1936 posteriorum
1980 1855 2331 1920 carminum
2377 1873 2595 1920 evoca-

353 1962 554 2027 tiones
603 1959 960 2025 referendae
1007 1960 1177 2025 sunt.
1231 1960 1288 2025 A
1335 1958 1515 2025 Circa
1561 1964 1620 2042 (κ
1672 1962 1799 2025 488
1832 1962 2003 2046 sqq.)
2046 1962 2339 2028 omnibus
2386 1963 2595 2044 rebu8‚

358 2088 518 2153 quae
589 2067 667 2132 ad
717 2067 1099 2132 evocandum
1155 2067 1540 2133 necessariae
1611 2068 1759 2151 sint,
1834 2069 2104 2153 cognitis
2152 2068 2386 2151 Ulixes,
2436 2086 2597 2153 quae

357 2178 566 2241 iussus
615 2175 767 2256 erat,
835 2173 1194 2257 exsequitur
1265 2175 1323 2253 (λ
1372 2194 1428 2240 v.
1478 2178 1562 2240 22
1596 2177 1761 2258 sqq.)
1784 2174 1858 2257 ⁸),
1930 2174 2171 2241 foveam
2218 2176 2399 2259 fodit,
2448 2175 2595 2257 mel,

355 2284 594 2363 vinum,
645 2300 874 2365 aquam
920 2279 1102 2361 libat,
1151 2280 1419 2346 farinam
1468 2280 1633 2347 circa
1682 2283 1961 2347 scrobem
2009 2282 2271 2366 spargit,
2319 2283 2599 2349 mortuos

353 2390 648 2473 implorat
693 2406 758 2453 se
804 2387 873 2452 in
919 2387 1139 2453 Ithaca
1183 2388 1406 2453 bovem
1442 2388 1846 2472 Tiresiaeque
1892 2389 2141 2470 nigram
2173 2407 2351 2454 ovem
2398 2388 2591 2455 sacri-

351 2500 688 2563 ficaturum
735 2514 868 2559 esse
936 2494 1288 2578 pollicitus,
1359 2514 1536 2561 ovem
1607 2496 1671 2561 et
1715 2496 1977 2561 arietem
2024 2497 2278 2579 mactat,
2329 2514 2595 2580 quorum

357 2624 537 2670 cruor
611 2604 676 2668 in
726 2603 970 2667 foveam
1014 2604 1250 2685 manat,
1298 2602 1635 2668 Plutonem
1684 2623 1755 2668 ac
1802 2602 2244 2687 Proserpinam
2291 2603 2599 2669 advocans

313 2730 497 2797 ‘ense
545 2710 812 2791 animas,
860 2728 937 2773 ne
984 2709 1160 2793 prius
1209 2710 1586 2793 sanguinem
1636 2710 1907 2774 effusum
1955 2710 2196 2793 bibant,
2247 2729 2437 2794 quam
2483 2709 2591 2775 Ti-

357 2820 551 2883 resias
623 2816 1006 2901 apparuerit,
1055 2817 1242 2882 arcet.
1359 2817 1574 2883 Primo
1628 2816 1949 2901 Elpenoris
2019 2816 2324 2901 insepulti
2388 2816 2599 2882 anima

362 2925 613 2991 advolat
651 2960 660 2966 -
707 2927 788 3005 (v.
841 2926 919 2989 51
967 2924 1159 3009 sqq.),
1262 2924 1372 3009 qui
1465 2923 1636 2990 Ulixi
1750 2923 2185 3008 interroganti,
2293 2921 2601 3007 quomodo

355 3032 644 3096 mortuus
737 3032 843 3113 sit,
934 3031 1001 3095 id
1092 3032 1308 3095 narrat
1397 3036 1461 3095 et
1572 3034 1647 3096 ut
1737 3032 2053 3114 humetur,
2151 3030 2345 3115 petit;
2458 3033 2599 3095 tum

356 3139 555 3203 mater
605 3137 898 3203 Anticlea
943 3137 1202 3225 apparet
1248 3140 1332 3218 (v.
1385 3138 1467 3201 84
1495 3138 1687 3222 sqq.),
1737 3156 1925 3222 quam
1972 3138 2163 3220 filius,
2212 3158 2290 3203 ne
2337 3136 2597 3220 sangui-

361 3265 506 3309 nem
537 3244 736 3327 bibat,
783 3243 1091 3328 impedit3
1160 3244 1431 3330 denique
1487 3232 1761 3309 Tiresias
1810 3246 2148 3310 ascendens
2182 3248 2263 3327 (v.
2314 3247 2399 3310 90
2430 3244 2595 3331 sqq.)

364 3353 698 3436 postquam
746 3370 1028 3416 cruorem
1075 3350 1262 3433 bibit,
1332 3350 1506 3417 Ulixi
1551 3350 1856 3417 redeundi
1915 3352 2079 3431 viam
2128 3350 2370 3416 indicat
2415 3350 2599 3435 eique

367 3458 610 3543 petenti
655 3459 923 3523 matrem
969 3457 1193 3541 mittit,
1239 3478 1511 3543 quacum
1558 3458 1940 3542 coiloquitur
1983 3458 2175 3526 filius.
2254 3442 2429 3537 Quae
2460 3477 2600 3523 evo-

549 3637 593 3705 ²)
630 3636 706 3691 Ut
743 3636 910 3691 etiam
950 3636 1009 3690 in
1035 3635 1315 3707 Ipthimae
1352 3636 1537 3706 specie
1573 3635 1625 3703 (ὃ
1644 3636 1749 3691 795
1769 3636 1933 3707 sqq),
1971 3651 2133 3707 quam
2153 3635 2401 3691 Minerva
2436 3634 2601 3705 fingit

369 3731 426 3781 et
484 3726 554 3781 ad
589 3724 920 3796 Penelopam
981 3741 1224 3781 sororem
1270 3724 1339 3780 de
1395 3724 1514 3780 filio
1570 3724 1883 3793 sollicitam,
1938 3730 2005 3779 nt
2062 3724 2217 3781 illam
2273 3724 2600 3792 consoletur,

361 3815 558 3877 mittit.
594 3814 946 3871 simulacrum
971 3831 1141 3887 supra
1166 3814 1476 3885 Penelopae
1501 3818 1671 3885 caput
1708 3814 1946 3870 adsistit.
1999 3814 2231 3871 Omnino
2256 3814 2393 3869 haec
2415 3814 2599 3885 imago

355 3905 526 3964 simili
562 3904 724 3959 modo
763 3904 1068 3975 composita
1103 3908 1205 3959 est.

547 3994 592 4062 ²)
629 3992 896 4049 Tiresiam
935 4010 999 4048 ex
1034 3993 1290 4064 minyade
1327 4010 1361 4047 a
1394 3993 1637 4065 Necyiae
1672 3998 1839 4063 poeta
1874 3996 2154 4061 sumptum
2190 4009 2312 4049 esee
2336 3992 2600 4051 Gerokiuu

355 4083 425 4137 N.
463 4082 593 4139 Jhb.
629 4082 748 4151 XV,
789 4082 924 4138 1905
963 4100 1016 4152 p.
1054 4082 1158 4138 326
1198 4082 1613 4139 demonstravit.

536 4171 580 4241 ⁸)
618 4172 1018 4227 Kirclihoffium
1056 4188 1274 4244 sequor,
1330 4171 1426 4243 qui
1463 4172 1520 4226 in
1560 4170 1855 4247 Odysseae·
1897 4171 2139 4227 editione
2174 4171 2321 4228 Berl.
2370 4171 2505 4227 1879
2543 4188 2601 4242 p,

353 4261 453 4318 221
509 4278 630 4333 sqq.
693 4277 878 4317 versus
955 4280 990 4314 κ
1048 4262 1152 4317 482
1217 4290 1282 4301 -
1344 4262 1375 4315 λ
1438 4262 1508 4317 24
1566 4261 1929 4333 interpolatos
2002 4278 2123 4318 esse
2186 4268 2243 4318 et
2292 4260 2596 4317 sententian

364 4366 613 4405 versuum
639 4349 672 4403 λ
699 4350 906 4407 25-50
937 4350 1144 4407 imitari
1181 4355 1366 4407 censet
1378 4370 1398 4416 3·
1439 4350 1695 4405 similiter
1719 4349 2167 4407 Wilamowitzius
2192 4349 2350 4405 Hom.
2377 4349 2595 4405 Untere.

353 4456 408 4509 p.
451 4438 551 4493 144
587 4456 708 4511 eqq.
