3242 5059
1617 414 2049 477 -26-

1141 608 1352 675 ἀκτὰς
1399 609 1771 675 ἀπαίωνάς
1815 632 1891 673 τε
1936 611 2050 672 καὶ
2096 610 2593 697 μελαμβαθεῖς

1139 718 1378 779 λιποῦσα
1423 716 1618 799 λίμνης
1664 714 1701 799 ἦ
1725 719 1757 778 λ
1777 716 1818 779 θ
1835 740 1866 779 o
1886 739 1915 779 ν
1962 715 2199 800 ἄρσενας
2243 716 2390 801 χοὰς

1142 820 1216 885 ’A
1236 846 1280 907 χ
1298 822 1328 884 έ
1345 845 1377 906 ρ
1398 846 1430 884 o
1448 846 1476 885 ν
1496 846 1529 885 τ
1546 845 1577 885 o
1597 846 1625 891 ς
1674 824 1998 907 ὃξυπλῆγας
2043 822 2298 908 ἠχούσας
2342 823 2535 909 γόους.

892 947 1098 1012 Verba
1143 948 1355 1031 (frgm.
1405 948 1521 1029 II):

971 1073 1077 1135 sed
1122 1083 1334 1135 utrum
1379 1084 1656 1137 termene
1700 1084 1901 1135 motus
1945 1076 2261 1136 sonitusne
2308 1074 2588 1156 inferum

893 1212 900 1221 ·
959 1181 1237 1263 pervasit
1284 1182 1463 1241 auris
1510 1183 1671 1242 inter
1716 1182 1942 1244 tonitru
1990 1183 2046 1243 et
2094 1180 2417 1243 turbines?

719 1322 831 1367 nos
881 1305 957 1368 ad
1007 1305 1374 1369 memoriam
1423 1303 1750 1387 Talthybii
1802 1306 2109 1385 revocant,
2158 1304 2267 1387 qui
2300 1304 2572 1369 Achillis
2623 1323 2954 1369 ascensum

719 1408 887 1493 (Sen.
937 1411 1160 1475 Troad.
1213 1431 1267 1474 v.
1327 1412 1450 1473 170
1484 1411 1649 1495 sqq.)
1704 1412 2002 1493 narratl).
2084 1410 2501 1477 Ribbeckium
2552 1430 2795 1495 sequor,
2846 1413 2957 1496 qui

725 1517 790 1580 in
842 1517 958 1582 hac
1005 1518 1328 1601 tragoedia
1375 1517 1641 1581 Achillis
1690 1517 2101 1582 simulacrum
2150 1518 2213 1582 in
2262 1518 2445 1583 litore
2494 1519 2848 1583 ascendisse
2895 1522 2959 1583 et

712 1642 800 1703 se⁸
849 1644 920 1689 ex
965 1624 1185 1688 inferis
1260 1624 1528 1688 evasisse
1599 1662 1680 1671 —-
1754 1625 1826 1688 nt
1896 1626 2058 1706 apud
2112 1624 2475 1706 Homerum,
2548 1625 2955 1708 Aeschylum,

711 1716 1101 1815 Sophoclem,
1150 1730 1516 1813 Euripidem
1549 1731 1718 1794 unde
1752 1732 2009 1796 veniant
2042 1733 2286 1814 spectra
2328 1734 2587 1797 narrant
2622 1769 2703 1779 —
2739 1732 2954 1795 dicens

716 1838 1098 1921 Polyxenam
1169 1838 1554 1921 flagitavisse
1626 1840 1825 1920 putat.
1945 1836 2147 1916 Quam
2220 1840 2347 1903 vim
2419 1840 2572 1904 haec
2641 1841 2817 1904 larva
2886 1838 2953 1903 in

715 1945 1092 2026 spectatores
1141 1946 1450 2025 habuerit,
1520 1944 1733 2009 Cicero
1783 1945 1915 2027 ipse
1966 1946 2170 2009 verbis
2216 1946 2508 2029 frequens
2576 1948 2742 2008 enim
2808 1966 2949 2007 con-

707 2073 905 2114 sessus
973 2052 1217 2131 theatri,
1289 2056 1358 2114 in
1428 2074 1546 2136 quo
1616 2063 1764 2115 sunt
1829 2052 2228 2115 mulierculae
2296 2063 2350 2115 et
2409 2055 2617 2136 pueri,
2688 2063 2956 2118 movetur

709 2159 976 2225 audiens
1023 2170 1152 2221 tam
1195 2160 1435 2245 yrande
1488 2180 1737 2223 carmen
1783 2159 2120 2243 ¹exprimit.
2217 2160 2291 2222 In
2354 2158 2712 2243 tragoediae
2782 2179 2950 2224 com-

711 2266 1023 2350 positione
1072 2267 1222 2331 haec
1269 2268 1493 2330 umbra
1543 2266 1818 2348 pertinet
1864 2266 1944 2330 ad
1992 2268 2304 2331 actionem
2351 2267 2858 2349 promovendam.

885 2393 956 2456 In
1009 2391 1310 2476 Epigonis
1361 2410 1604 2475 quoque
1654 2391 1729 2455 de
1778 2390 2145 2474 Amphiarai
2206 2390 2497 2475 mostello
2549 2410 2643 2455 res
2716 2391 2956 2455 incerta

710 2501 840 2575 est;
912 2499 1226 2565 nescimus
1296 2502 1508 2563 utrum
1583 2500 1808 2562 umbra
1880 2518 1993 2563 sua
2066 2502 2283 2583 sponte
2333 2498 2695 2583 apparuerit
2740 2518 2818 2563 an
2869 2498 2948 2562 ab

711 2608 906 2671 altero
952 2609 1145 2672 fratre
1193 2607 1456 2671 excitata
1502 2606 1604 2687 sit,
1665 2606 1826 2690 quod
1877 2606 2257 2671 Ribbeckius
2288 2605 2336 2686 ²)
2386 2626 2456 2671 ex
2503 2624 2685 2671 versu

935 2732 1196 2795 audisne
1242 2731 1405 2811 haec,
1439 2702 1864 2815 Amphiarae}
1912 2707 2024 2796 sub
2070 2742 2301 2794 terram
2346 2730 2549 2793 abdite
2570 2730 2617 2810 2,

715 2876 901 2940 quem
951 2857 1026 2920 ad
1101 2858 1376 2920 nostram
1449 2875 1737 2920 scaenam
1799 2855 2027 2921 referre
2096 2856 2255 2937 vult,
2327 2855 2655 2925 conclusit.
2771 2854 2954 2920 Certe

709 2962 882 3027 larva
931 2962 1232 3028 fratribus
1281 2963 1551 3028 occurrit
1599 2962 2123 3046 disceptantibuS,
2172 2965 2389 3027 utrum
2434 2964 2701 3027 matrem
2750 2962 2948 3026 inter-

707 3069 926 3135 ficiant-
1001 3089 1214 3151 necne,
1288 3071 1665 3153 caedemque
1742 3069 2062 3134 suadendo
2136 3070 2401 3135 actionis
2448 3070 2639 3135 finem
2709 3069 2948 3135 attulit.

685 3177 982 3243 'Umbras
1031 3176 1336 3241 suadendi
1385 3170 1569 3241 causa
1617 3181 1918 3259 apparere
1966 3176 2145 3240 nobis
2196 3178 2413 3241 notum
2460 3178 2573 3241 est.

895 3409 936 3476 ¹)
975 3408 1100 3475 Non
1155 3412 1292 3479 puto
1349 3406 1614 3461 Achillem
1680 3414 1961 3462 evocatum
2021 3422 2157 3474 esse,
2215 3406 2363 3477 quod
2416 3407 2749 3463 Ribbeckius
2810 3407 2847 3461 l.
2910 3406 2947 3461 l.

711 3516 763 3569 p.
813 3498 957 3568 179,1
1004 3514 1066 3551 ex
1121 3498 1225 3551 inc.
1262 3497 1371 3551 inc.
1430 3496 1586 3565 frgm.
1628 3496 1862 3551 XXXIX
1888 3518 1955 3543 =
1982 3496 2093 3551 Cic.
2132 3495 2299 3551 Tusc.
2339 3495 2480 3566 disp.
2518 3494 2563 3563 1,
2609 3497 2689 3562 16,
2724 3497 2792 3551 37
2834 3497 2949 3567 opi-

707 3593 902 3654 natur3
959 3604 1082 3641 nam
1123 3592 1180 3640 et
1230 3585 1480 3641 omnibus
1516 3585 1672 3662 locis,
1732 3586 1931 3656 quibus
1970 3586 2214 3641 Achilles
2253 3585 2583 3657 Polyxenam
2622 3602 2850 3656 poscens
2888 3602 2949 3640 se

707 3677 969 3746 ostendit,
1005 3682 1281 3749 spectrum
1320 3675 1468 3730 ultro
1505 3668 1772 3741 ascendit,
1810 3691 1919 3729 nou
1957 3675 2199 3741 elicitur,
2236 3681 2293 3731 et
2329 3674 2519 3730 verba:

889 3768 1025 3821 unde
1085 3767 1291 3820 animae
1352 3767 1663 3819 eaeettantur
1723 3766 1939 3819 obscura
1998 3765 2185 3819 umbra
2245 3774 2429 3837 aperto
2488 3780 2560 3819 eoe
2618 3767 2748 3819 ostio
2808 3765 2954 3819 altae

705 3856 1045 3922 Acheruntis,
1081 3858 1220 3910 salso
1257 3857 1510 3927 sanyuine

710 3946 780 4001 ad
826 3944 1132 4016 quamlibet
1169 3947 1618 4014 necyomanteam
1654 3943 1850 3999 referri
1887 3948 2135 4014 possunt,
2172 3961 2279 3998 non
2306 3944 2378 3997 ad
2404 3944 2549 3998 hunc
2574 3943 2725 3997 Accii
2750 3943 2949 4013 locum,

721 4036 1036 4100 praesertim
1079 4050 1200 4088 cnm
1238 4034 1457 4087 omnino
1496 4032 1565 4087 de
1601 4033 1794 4103 necyia
1829 4032 2087 4104 loquatur
2138 4030 2354 4090 Cicero:
2412 4032 2538 4088 Inde
2574 4030 2793 4088 Homeri
2841 4041 2955 4088 tota

708 4119 914 4191 Νέκυια,
969 4126 1090 4178 inde
1125 4142 1206 4189 ea,
1264 4140 1397 4193 quae
1435 4141 1575 4178 meus
1632 4124 1828 4176 amnicus
1865 4121 2072 4194 Appius
2127 4128 2481 4191 νεκυομαντεῖα
2525 4123 2778 4193 faciebat,
2831 4124 2953 4178 inde

705 4218 761 4267 in
796 4215 988 4268 vicinia
1054 4221 1233 4267 nostra
1269 4212 1472 4268 Averni
1517 4215 1686 4277 lacus,
1741 4213 1877 4267 unde
1914 4214 2121 4268 animae
2158 4214 2461 4267 excitantur
2516 4212 2733 4267 obscura
2769 4212 2954 4266 umora

704 4312 803 4357 ect.
844 4343 857 4358 .
897 4343 909 4356 .
948 4304 1200 4373 imaqines
1238 4303 1580 4356 mortuorum.
1642 4330 1696 4339 —
1743 4299 2035 4357 Praeterea
2085 4301 2252 4371 longa
2288 4316 2359 4356 an
2410 4300 2590 4357 brevis
2628 4302 2703 4356 sit
2752 4299 2945 4355 littera

708 4393 753 4446 A
795 4392 851 4445 in
896 4388 1293 4459 „Acheruntis”
1332 4390 1696 4459 substantivo,
1734 4390 2006 4444 incertum
2047 4394 2146 4445 est.

884 4480 930 4551 ¹)
969 4480 1052 4537 cf.
1091 4480 1132 4536 1.
1171 4479 1208 4535 1.
1248 4497 1301 4550 p.
1331 4480 1432 4535 491
1475 4495 1556 4550 sq.
1596 4482 1654 4534 et
1690 4476 1805 4535 Cic.
1841 4473 2003 4535 Tunc.
2043 4478 2183 4551 disp.
2214 4479 2297 4549 11,
2332 4478 2421 4545 26,
2458 4480 2543 4534 60.
