3242 5059
1220 450 1298 463 .-
1370 399 1475 479 “95
1566 438 1656 462 -...

320 608 465 691 (w.-
492 610 892 691 694—696),
926 608 1167 675 Dareus
1200 629 1323 690 coe,
1357 612 1431 674 ut
1460 610 1898 693 respondeant,
1947 602 2324 674 adhortatur
2351 607 2558 673 tribus

314 715 625 779 trimetris
657 720 797 796 (vv.
824 714 1245 797 ·697—699),
1294 716 1521 781 chorus
1569 736 1635 781 se
1682 736 1778 781 res
1813 716 2104 781 adversas
2138 734 2394 781 narrare
2433 734 2558 780 non

322 824 553 887 audere
629 824 886 887 iternm'
936 825 1273 907 respondet
1346 818 1551 889 tribus
1633 824 1914 889 versibus
2011 822 2293 888 eiusdem
2373 818 2560 886 met’ri

322 933 449 1010 (vv.
500 930 895 1012 699—702).
988 931 1153 995 Tum
1200 929 1441 995 Dareus
1469 951 1611 994 cum
1645 930 1865 1015 regina
1897 930 2197 1015 loquitur,
2247 929 2358 994 ubi
2391 925 2560 994 basis

320 1055 615 1101 senorum
663 1056 960 1102 versu-um
1007 1038 1326 1121 praecedit
1373 1057 1653 1103 severam
1699 1036 2223 1121 stichomythiam'
2258 1039 2380 1118 (w.
2434 1036 2560 1101 703

330 1144 551 1209 -7-14
604 1146 685 1208 -et
755 1147 1151 1225 715—7238),
1208 1146 1346 1209 tum
1396 1146 1585 1209 Darei
1635 1144 1883 1228 longior
1931 1144 2206 1209 narratio
2254 1137 2562 1227 sequitur,

323 1268 529 1332 quam·
568 1252 792 1315 Atossa
840 1254 963 1333 (vv.
1013 1253 1391 1333 753—758)
1437 1252 1866 1335 interrumpit.
1907 1250 2086 1315 *lnde
2133 1270 2170 1315 a
2201 1266 2386 1315 versu
2435 1252 2560 1315 787

320 1357 549 1421 chorus
597 1376 810 1441 regem
858 1359 1224 1442 interrogat,
1276 1378 1397 1443 quo
1430 1359 1495 1422 in
1532 1358 1846 1442 colloquio
1879 1359 2086 1423 brevis
2117 1354 2566 1442 stichomythia

324 1462 420 1544 fit,
469 1482 661 1546 quam
730 1466 901 1530 basis
947 1474 1279 1531 ternorum·
1342 1484 1637 1531 versuum
1700 1471 1836 1548 (vv.
1898 1466 2274 1547 787-792)
2321 1466 2384 1529 et
2431 1463 2567 1529 bini

324 1590 545 1635 versus
591 1575 717 1652 (vv,
770 1574 1145 1653 796—799)
1192 1574 1445 1637 finiunt.
1539 1573 1782 1637 Dareus
1831 1573 1952 1655 (w.
2004 1571 2558 1654 800—840)10n-

328 1676 505 1759 giore
556 1681 929 1759 narratione,
978 1681 1503 1763 quae'Persarum
1552 1680 1860 1745 exercitus
1892 1679 2144 1744 fortuna
2190 1679 2408 1744 futura
2453 1678 2559 1759 sit,

319 1785 737 1851 demonstrat.
833 1785 1073 1851 Chorus
1121 1790 1184 1852 et
1216 1788 1457 1863 ‚Atossa
1537 1789 1779 1852 maesta
1825 1784 2210 1851 lamentatur
2255 1788 2380 1867 (vv.
2433 1785 2561 1850 843

332 1892 596 1973 -851).
694 1894 991 1977 Sequitur
1061 1894 1233 1957 chori
1310 1912 1577 1959 carmen.
1679 1892 2256 1958 I-nEumenidibus
2305 1897 2388 1971 (v.
2443 1894 2567 1956 117

335 2000 503 2081 sqq.)
552 2000 774 2065 chorus
826 1999 1315 2085 Clytaemestrae
1362 2002 1567 2066 verbis
1616 2001 1920 2065 incitatus
1971 1999 2170 2082 gemit
2216 2002 2358 2082 post
2389 1998 2570 2064 binos

314 2107 595 2170 lumbrae
642 2123 877 2187 versus,
948 2107 1015 2170 in
1094 2127 1275 2173 versu
1351 2109 1472 2173 130
1543 2108 1875 2172 exclamat:
1925 2105 2086 2192 λαβὲ·
2114 2106 2288 2192 λαβὲ.
2318 2155 2366 2188 .,
2433 2106 2572 2169 tum

331 2212 477 2276 finit
525 2228 875 2281 sermonem
909 2213 1379 2297 Clytaemestra.
1446 2214 1517 2277 ln
1567 2213 1892 2297 Sophoclis
1939 2215 2252 2298 Polyxena
2298 2211 2571 2277 Achillis

292 2320 610 2384 :animam
684 2330 835 2385 cum‘
878 2324 1345 2406 Agamemnone
1438 2321 1690 2405 longius
1759 2322 2032 2386 locutam
2105 2340 2238 2385 esse
2285 2318 2574 2385 Welcker

336 2428 634 2509 opinatus
684 2429 864 2509 est1).
960 2429 1263 2495 Hercules
1310 2428 1474 2508 (Sen.
1512 2429 1696 2495 Herc.
1750 2428 1885 2493 Oet.
1922 2449 1980 2493 v.
2019 2430 2190 2493 1940
2238 2432 2398 2513 sqq.)
2431 2427 2575 2510 post

334 2534 558 2598 matris
609 2537 827 2600 nenias
876 2538 1157 2620 apparet,
1230 2556 1409 2620 quae,
1459 2538 1674 2601 utrum
1724 2536 1786 2600 in
1824 2536 2038 2617 Elysio
2085 2555 2165 2599 an
2214 2536 2278 2600 in
2311 2534 2573 2598 Tartaro

342 2647 643 2721 versetur,
692 2643 938 2724 quaerit
1008 2644 1189 2726 eique
1250 2663 1315 2707 se
1362 2643 1431 2706 in
1480 2642 1726 2708 caelum
1772 2645 2092 2725 receptum
2143 2660 2277 2706 esse
2325 2641 2578 2706 nuntiat

342 2749 473 2830 (vv.
532 2750 1027 2833 1940—1943):
1075 2753 1277 2814 mater
1321 2750 1525 2833 primo
1558 2750 1924 2831 perturbata
1970 2752 2204 2833 postea,
2263 2768 2373 2813 cur
2421 2767 2575 2831 quo-

340 2874 463 2939 que
495 2857 678 2920 modo
711 2857 881 2921 Ditis
908 2876 1102 2939 regna
1132 2858 1480 2940 reliquerit,
1529 2857 1880 2940 interrogat
1919 2856 2325 2937 (tetrametris
2359 2857 2574 2936 dacty-

338 2964 482 3026 licis
554 2982 649 3027 vv.
728 2966 1212 3046 1944-1962),
1283 2963 1393 3028 ille
1469 2963 1805 3028 Tartarum
1877 2966 2162 3028 accurate
2220 2962 2576 3027 describens

334 3072 600 3133 matrem
672 3072 750 3133 ab
807 3070 1153 3154 Eurystheo
1224 3088 1483 3153 poenam
1535 3073 1860 3153 capturam
1907 3088 2040 3135 esse
2087 3069 2468 3134 vaticinatur
2516 3069 2578 3133 et

334 3176 618 3240 abscedit
672 3176 977 3260 (trimetri
1047 3178 1303 3242 iambici
1374 3176 1665 3261 usurpati
1737 3181 1884 3241 sunt
1942 3197 1978 3240 a
2023 3178 2207 3259 poeta
2253 3194 2452 3259 usque
2500 3175 2579 3240 ad

338 3302 591 3347 versum
648 3285 860 3364 1976).
968 3286 1271 3349 Alcmena
1340 3304 1504 3366 eum,
1580 3286 1654 3348 ut
1729 3286 2002 3364 maneat,
2051 3302 2233 3347 orans
2282 3281 2579 3366 amplecti

337 3393 619 3455 conatur.
696 3388 935 3455 Chorus
985 3390 1160 3455 brevi
1209 3392 1451 3456 cantico
1499 3393 1798 3456 virtutem
1839 3392 2206 3475 praedicans
2240 3388 2578 3454 Herculem

334 3496 611 3561 celebrat
660 3502 740 3578 et,
814 3499 885 3561 ut
932 3498 1058 3563 sibi
1106 3499 1418 3581 propitius
1468 3499 1572 3577 sit,
1636 3484 1816 3581 petit.
1921 3498 2266 3562 Peculiaris
2328 3495 2574 3580 generis

336 3606 487 3669 sunt
557 3605 719 3669 vices
790 3604 1089 3687 loquendi
1134 3605 1388 3670 Tantali
1458 3606 1521 3669 et
1566 3606 1792 3669 Furiae
1862 3604 2140 3688 (Thyest.
2201 3625 2256 3668 V.
2313 3609 2343 3668 1
2397 3605 2579 3686 sqq.),

340 3730 503 3795 qnae
549 3730 845 3795 magnam
895 3713 1021 3776 vim
1068 3712 1133 3775 in
1184 3712 1533 3795 legentium
1581 3711 1824 3776 animos
1871 3712 2124 3777 habent.
2203 3712 2366 3775 Nam
2413 3710 2583 3774 Tan-

338 3818 527 3900 talus,
580 3838 657 3882 ne
684 3819 858 3903 ‚talia
905 3820 1141 3883 scelera
1188 3819 1561 3900 committat,
1610 3838 1904 3883 recusans
1939 3838 1974 3883 a
2021 3819 2212 3883 Furia
2259 3818 2580 3899 incitatus,

343 3926 593 3990 coactus
651 3926 936 3991 concedit
985 3926 1274 4009 denique.
1322 3919 1326 3928 ’
1369 3923 1499 3989 Hos
1536 3927 1700 3990 locos
1725 3924 2581 4011 ¹perlustrantes‚reperimus

336 4032 683 4115 tragoediis
734 4032 1003 4117 exceptis
1054 4051 1299 4114 semper
1339 4034 1614 4116 primum
1666 4051 1962 4116 quaerere
1996 4051 2159 4113 eum,
2209 4032 2310 4097 cui
2358 4032 2585 4095 umbra

341 4143 623 4223 apparet,
673 4158 873 4223 neque
944 4139 1185 4203 iustum
1232 4139 1575 4221 longiorem
1629 4158 1974 4203 sermonem
2044 4139 2202 4206 fieri.
2296 4138 2582 4221 Integras

334 4246 505 4312 vices
554 4248 857 4311 sermonis
911 4266 1224 4331 nusquam
1272 4246 1399 4311 nisi
1447 4247 1511 4310 in
1562 4245 1902 4329 tragoediis
1938 4248 2261 4311 habemuS.
2322 4232 2575 4311 Similes

521 4477 561 4547 ¹)
600 4477 818 4534 Grieeh.
856 4479 1020 4549 Trag.
1061 4495 1114 4550 p.
1160 4480 1280 4535 180.
