3242 5059
1227 402 1690 475 -81-‘

329 603 403 667 ut
447 622 637 687 supra
670 604 966 686 vidimus,
1017 605 1082 669 in
1132 604 1361 670 animis
1396 605 1845 688 apparentibus
1879 608 1959 671 ab
1991 605 2260 671 Homero
2300 604 2569 689 pendere

329 712 591 775 constat.
736 710 1006 776 Koehler
1025 711 1075 795 ¹)
1176 713 1311 795 ipse
1405 712 1700 777 Nonnum
1803 732 1984 796 saepe
2076 714 2332 779 Homeri
2361 746 2365 751 ·
2399 730 2568 777 cum

327 818 567 882 multas
623 817 970 883 locutiones
1018 820 1156 884 tum
1215 820 1559 884 sententias
1608 821 1670 884 et
1739 839 1992 885 scaenas
2041 819 2363 885 imitatum
2435 838 2570 883 esse

330 924 629 991 concedit.
730 924 850 990 Sed
881 926 960 989 ad
994 925 1251 1009 singula
1282 928 1754 1010 aggrediamur.
1822 928 2100 1011 Utroque
2124 927 2258 993 loco
2290 926 2570 1011 primum

327 1030 538 1096 larvae
585 1051 695 1115 per
743 1034 1059 1097 somnium
1112 1032 1502 1116 sepulturam
1536 1035 1824 1118 poscunt,
1874 1035 2126 1099 eaedem
2163 1033 2572 1121 deindevsuut

329 1139 559 1222 speciei
642 1142 878 1222 partes:
958 1142 1247 1223 parentes
1329 1140 1652 1205 dormiunt
1721 1144 1846 1222 (vv.
1919 1132 2325 1225 4084-411),
2363 1132 2366 1134 “
2402 1136 2566 1227 ψυχὴ

327 1244 638 1328 δ’ἠιθέοιο.
668 1296 683 1311 .
713 1249 913 1330 .πατρὶ
956 1246 1214 1332 παρέστη
1261 1249 1334 1312 ut
1382 1249 1546 1332 apud
1599 1248 1941 1314 Homerum
1988 1248 2152 1333 ψυχὴ
2202 1245 2572 1333 Πατροκλῆος

328 1354 536 1416 δειλοῖο
600 1358 705 1437 στῆ
754 1351 889 1438 ὃ’ἀ’ρ’
950 1354 1089 1439 ὑπὲρ
1137 1357 1415 1440 κεφαλῆς.
1496 1354 1774 1440 Utroque
1844 1355 1978 1419 loco
2050 1355 2239 1419 facies
2310 1356 2573 1421 umbrae

331 1460 742 1527 describitur:
815 1461 1089 1529 Actaeon
1140 1464 1397 1546 apparet
1444 1463 1662 1526 στικτὸν
1709 1460 1864 1547 ἔχων
1911 1460 2348 1548 ἐλάφουσκιόεν
2393 1461 2574 1546 δέμας

329 1566 567 1650 (Noun.
610 1568 673 1632 -V
720 1569 899 1653 413),
973 1570 1241 1654 utraque
1300 1569 1473 1633 larva
1519 1569 1646 1651 flet,
1723 1570 1994 1635 Actaeon
2045 1570 2111 1633 ἐκ
2155 1568 2462 1655 βλεφάρων
2509 1570 2573 1633 δὲ

331 1672 593 1761 ἔμφρονα
639 1676 865 1759 δάκρυα
910 1680 1050 1761 χεῦε
1097 1676 1185 1761 (v.
1236 1677 1364 1743 413
1400 1680 1539 1759 Sq.,)
1603 1677 1846 1742 Achilli
1893 1679 2154 1767 apparet
2200 1674 2577 1760 Πατροκλῆος

328 1782 497 1867 ψυχὴ
543 1780 781 1865 γοόωσά
840 1806 902 1846 τε
949 1782 1243 1868 μυρομένη
1313 1804 1395 1849 τε.
1492 1784 1825 1849 Actaeonis
1897 1784 2259 1907 mostellum
2329 1787 2572 1867 patrem

330 1890 425 1953 sic
472 1889 819 1975 alloquitur
864 1891 952 1973 (v.
1005 1892 1168 1975 415)
1182 1891 1259 1971 ⁸)·
1631 1904 1636 1909 “

548 2032 597 2094 ὤ
643 2034 846 2118 πάτερ,
894 2033 1212 2115 ὖπνώεις,
1260 2034 1373 2097 καὶ
1418 2034 1588 2118 ἐμὴν
1637 2033 1762 2097 οὐκ
1807 2032 1998 2102 οἶδας
2045 2034 2370 2119 ἀνάγκην·
2445 2111 2448 2116 ¹

551 2136 755 2225 ἔγρεο.
784 2190 801 2205 .
830 2191 844 2205 .
1488 2190 1491 2193 -

328 2265 399 2329 et
447 2265 773 2330 Patroclus
822 2265 1139 2332 Achillem
1192 2267 1275 2351 (V.
1325 2268 1460 2335 69i:

550 2390 792 2473 εὕδεις,
842 2390 1064 2476 αὐτὰρ
1112 2392 1307 2476 ἐμεῖο
1357 2391 1783 2476 λελασμένος
1828 2389 2378 2479 ἔπλεοἈχιλλεΰ.

517 2516 860 2601 Postquam
908 2517 1317 2583 simulacrum
1365 2517 1648 2583 locutum
1697 2518 1790 2582 est

1626 2692 1643 2707 .
1673 2692 1688 2708 .
1716 2643 2021 2726 ,ἀπροϊδὴς
2068 2644 2134 2707 δὲ

549 2743 775 2833 ᾤχετο
821 2750 1213 2833 πωτήεσσα·
1307 2749 1401 2812 καὶ
1449 2747 1740 2832 Αὐτονόης
1783 2750 2133 2834 παρακοίτης

551 2854 846 2939 ἄνθορεν
894 2856 1213 2941 ὀμφήεντος
1258 2856 1579 2941 ἀπορρίψας
1624 2858 1826 2941 πτερὸν
1873 2853 2050 2921 ὕπνου

330 2991 393 3045 et
446 2983 586 3063 post
634 2981 907 3047 Achillis
954 2983 1141 3047 verba
1188 2980 1465 3046 Patrocli
1514 2981 1754 3048 anima:

1450 3158 1465 3171 .
1495 3156 1510 3171 .
1538 3105 1718 3171 ,κατὰ
1763 3107 1976 3191 χθονὸς
2020 3106 2186 3189 ἠΰτε
2231 3108 2488 3177 καπνὸς

552 3209 779 3298 ὤχετο
825 3210 1269 3299 τετριγυῖαῧ)
1363 3214 1601 3298 ταφὼν
1649 3211 2105 3297 δ’ἀνόρουσεν
2162 3211 2487 3299 Ἀχιλλεύς.

518 3337 751 3403 Eodem
798 3341 979 3404 modo
1028 3342 1091 3404 et
1141 3339 1422 3404 Achilles
1474 3340 1661 3404 sociis
1711 3340 1842 3404 suis
1891 3339 2209 3403 somnium
2255 3340 2470 3403 narrat
2516 3341 2578 3403 et

335 3446 665 3511 Aristaeus
692 3446 865 3511 uxori
890 3446 1013 3512 filii
1044 3448 1344 3512 mandata
1369 3466 1440 3511 ac
1469 3446 1660 3511 verba
1685 3446 2080 3531 pronuntiat3
2120 3446 2302 3529 ¹apud
2327 3447 2576 3512 utrum-

338 3571 463 3637 que
514 3555 759 3637 poetam
809 3554 1069 3619 eandem
1119 3555 1497 3619 sententiam
1547 3551 1817 3636 legimus
1865 3551 1953 3633 (Ψ
1991 3554 2168 3634 108):

554 3678 634 3746 ὥς
656 3678 807 3763 φάτο
833 3675 1185 3766 [Achilles],
1220 3682 1400 3743 τοῖσι
1432 3678 1504 3742 δὲ
1534 3683 1727 3742 πᾶσιν
1759 3677 2123 3764 ὑφ’ἵμερον
2155 3678 2341 3763 ὦρσε
2371 3676 2580 3764 γόοιο

335 3807 400 3869 et
449 3804 677 3884 (Noun.
729 3824 787 3869 v,
838 3805 1017 3888 539):

554 3932 681 3993 καὶ
730 3928 916 4007 γόος
964 3926 1257 3993 ἔπλετο
1307 3932 1647 4015 μᾶλλον.
1678 3979 1692 3996 .
1722 3979 1737 3994 .

523 4216 541 4251 ¹
904 4216 950 4271 5.

522 4220 567 4375 ⁸}
604 4218 690 4362 Ιὸἰ.
700 4218 1028 4378 lDzipliili
1013 4309 1069 4362 in
1107 4309 1331 4363 Pacuvii
1368 4309 1547 4364 Iliona
1584 4310 1750 4363 verba
1789 4325 1956 4378 supra
1995 4326 2046 4378 p.
2085 4306 2154 4362 ⁶23
2193 4308 2377 4364 allata

522 4396 566 4465 ⁸)
609 4396 689 4451 De
729 4398 833 4452 hac
870 4399 1262 4467 superstitione
1301 4399 1423 4452 vide
1462 4397 1927 4463 Krctschmorum‚
1967 4397 2141 4451 Wien.
2171 4396 2500 4453 Stud.1890
2525 4414 2580 4467 p.

338 4490 447 4545 18⁰
472 4485 529 4542 ff.
1418 4514 1420 4517 ⁴
2174 4532 2181 4538 .

2229 4576 2262 4631 6
