3242 5059
1631 426 2073 491 ...63-

736 626 837 689 eat
884 623 1063 707 eique
1110 644 1221 707 per
1285 624 1526 688 somnia
1594 634 1764 686 veros
1809 642 1988 685 casus
2057 622 2309 705 detegat
2325 620 2406 705 ¹);
2479 621 2533 686 is
2601 620 2976 704 Morpheum

740 732 942 795 filium
995 732 1283 809 dimittit,
1332 731 1442 813 qui
1490 731 1660 795 volat
1704 748 1815 813 per
1860 730 2148 794 tenebras
2197 730 2306 809 ita,
2364 730 2435 793 ut
2481 729 2651 811 apud
2697 730 2972 795 Statium

732 838 827 921 (11
875 840 957 903 58
1008 840 1171 922 sqq.)
1240 837 1589 921 Mercurius
1661 856 1804 927 cum
1862 834 2032 914 Laio,
2105 838 2167 900 et
2215 835 2388 900 brevi
2457 838 2599 919 post
2643 838 2716 897 in
2761 834 2974 899 urbem

736 942 1150 1008 Haemoniam
1205 944 1510 1029 pervenit
1578 942 1743 1025 (Stat
1815 942 1879 1006 II
1949 946 2072 1009 652»
2166 944 2420 1007 ventum
2479 946 2611 1007 erat
2679 944 2756 1007 ad
2806 942 2969 1007 The-

730 1051 896 1133 bas¹)
944 1054 1032 1117 et.
2463 1072 2470 1078 ·

952 1162 1021 1223 in
1063 1160 1292 1244 faciem
1340 1158 1549 1243 Ceycis
1596 1156 1725 1221 abit
1768 1168 2134 1243 sumptaque
2179 1156 2384 1241 aqum

949 1267 1216 1345 luridus,
1264 1268 1539 1329 exanimi
1581 1266 1824 1345 similis,
1871 1267 2003 1327 sine
2048 1263 2304 1327 vestibus
2347 1264 2494 1327 ullis

947 1376 1229 1459 coniuqis
1275 1384 1413 1435 ante
1442 1383 1648 1435 torum
1693 1374 1952 1435 miserae
1995 1374 2174 1451 stetit,

724 1483 959 1566 pariter
1028 1501 1097 1545 ac
1143 1481 1333 1545 Laius
1380 1479 1657 1545 Tiresiae
1701 1479 1970 1543 formam
2047 1478 2352 1543 imitatur.
2440 1479 2600 1545 Tum
2655 1478 2968 1561 Alcyonae

726 1610 791 1653 se
839 1588 1167 1669 naufragio
1214 1588 1447 1671 perisse
1507 1586 1664 1651 dicit
1711 1604 1992 1669 eamque,
2052 1588 2124 1650 ut
2171 1604 2236 1649 se
2283 1584 2506 1649 defleat
2553 1587 2616 1649 et
2663 1584 2969 1668 deploret,

722 1698 875 1760 orat.
1170 1712 1173 1715 ’

938 1803 1203 1865 Adicit
1248 1800 1345 1864 his
1396 1822 1629 1863 vocem
1676 1799 2033 1883 Morpheus,
2079 1822 2300 1885 quam
2331 1802 2684 1885 coniuyis
2729 1798 2874 1862 illa

934 1909 1263 1979 crederet
1308 1929 1462 1984 esse
1504 1910 1665 1988 sui3
1698 1908 1922 1991 fletus·
1968 1928 2206 1991 quoque
2248 1907 2565 1991 fundere
2615 1928 2814 1968 veros

938 2019 1141 2079 visus
1186 2026 1382 2078 erat.
1412 2063 1427 2078 .
1457 2063 1505 2095 .,

722 2125 813 2187 ita
860 2124 933 2187 ut
973 2122 1174 2187 -Laius
1224 2123 1312 2205 (v.
1364 2122 1447 2186 95
1498 2126 1617 2205 sq.)
1663 2122 2006 2185 Tiresiae
2055 2140 2300 2184 vocem
2347 2121 2720 2185 imitatur
2767 2122 2830 2184 et
2875 2120 2967 2185 si-

704 2229 865 2293 mili
912 2231 1094 2293 modo
1152 2230 1379 2292 vulnus
1429 2229 1712 2311 aperiens
1758 2228 2128 2289 undanti
2197 2227 2606 2311 perfundit
2652 2228 2971 2290 vulnere

716 2355 989 2399 somma
1005 2358 1063 2397 m
1124 2338 1185 2399 et
1234 2336 1513 2399 Eteocles
1563 2334 2014 2417 expergiscitur
2061 2354 2288 2396 vanum
2333 2354 2610 2399 curarem
2655 2335 2970 2397 exactem

728 2444 1033 2507 Similiter
1080 2446 1343 2525 uterque
1391 2444 1780 2573 experiectus
1829 2442 2232 2524 perturbatus
2265 2446 2377 2523 est,
2427 2442 2700 2525 Alcyone
2745 2440 2965 2522 (Ovid.

718 2550 805 2681 Xl
854 2553 977 2613 617
1032 2554 1177 2634 sq.)-

938 2678 1111 2720 voce
1155 2679 1303 2719 sua
1356 2660 1746 2740 specieque
1791 2659 1916 2719 vir
1935 2660 1962 2719 i
2006 2656 2296 2719 turbata
2339 2676 2715 2740 soporem

942 2766 1247 2828 excutit.

714 2874 779 2935 et
824 2870 1004 2951 (Stat.
1056 2872 1118 2935 ΙΙ
1174 2874 1291 2935 125
1318 2812 1485 2956 sq.):

936 2977 1095 3040 Illi
1145 2976 1429 3063 [Eteocle]
1483 2989 1700 3061 rupta
1747 2981 1974 3061 quies,
2026 2978 2244 3041 attollit
2287 2977 2564 3041 membra
2596 2990 2842 3063 toroque

936 3088 1276 3169 eriy‘itur
1312 3085 1586 3168 plenu-s·
1632 3088 2011 3149 monstris.
2101 3128 2104 3131 -

892 3191 1164 3256 Statium
1198 3192 1262 3255 in
1290 3210 1583 3256 ascensus
1620 3192 2066 3275 compositione
2101 3191 2316 3257 Ovidii
2350 3193 2614 3277 vestigia
2651 3194 2964 3277 pressisse

712 3298 1029 3379 existim03
1100 3298 1453 3381 Vergilium
1530 3318 1775 3381 quoque
1846 3299 1909 3362 et
1975 3300 2269 3365 Senecam
2301 3299 2346 3381 ²)
2418 3303 2598 3383 poeta
2667 3301 2962 3367 imitatus

713 3408 826 3470 est.
925 3406 1300 3489 Argumenti
1349 3405 1701 3469 similitudo
1749 3406 2020 3469 maxima
2067 3406 2400 3472 intercedit
2444 3410 2610 3472 inter
2655 3407 2962 3475 Senecam

712 3513 990 3595 (Thyest.
1041 3534 1096 3576 v.
1151 3514 1233 3576 70
1262 3515 1421 3596 sqq.)
1471 3516 1531 3575 et
1578 3510 1874 3589 Statium,
1923 3513 2086 3595 quod
2133 3515 2306 3598 apud
2335 3526 2666 3597 utrumque
2702 3524 2959 3598 poetam

707 3619 929 3683 umbra
998 3620 1207 3681 eadem
1276 3619 1349 3681 de
1417 3640 1605 3681 causa
1675 3640 1748 3681 ex
1808 3619 1963 3682 Orco
2035 3623 2381 3686 arcessitur.
2501 3622 2690 3686 Porro
2739 3623 2956 3687 autem

710 3725 1003 3789 Anchisis
1118 3728 1181 3789 et
1296 3725 1434 3789 Laii
1550 3744 1844 3789 ascensus
1937 3726 2148 3809 (Verg.
2245 3728 2396 3791 Aen.
2475 3727 2527 3791 V
2609 3732 2729 3791 721
2784 3731 2958 3811 sqq.)

707 3832 1195 3897 similitudinem
1274 3833 1590 3914 quandam
1662 3832 1930 3912 exhibet,
2003 3852 2144 3897 nam
2212 3836 2478 3917 uterque
2522 3834 2956 3917 propinquum

706 3940 779 4003 ad
832 3938 1109 4021 aliquam
1161 3956 1291 4003 rem
1362 3937 1587 4002 incitat
1641 3939 1703 4001 et
1751 3938 2096 4003 locutiones
2156 3940 2398 4022 aliquot
2445 3939 2610 4003 inter
2655 3958 2722 4004 se
2768 3958 2954 4022 pares

706 4045 803 4109 vel
850 4044 1091 4109 similes
1140 4046 1319 4109 sunt:
1392 4042 1581 4109 Laius
1658 4048 1742 4126 (v.
1802 4048 1946 4127 101)
1992 4046 2106 4109 has
2151 4048 2318 4109 visus
2360 4046 2642 4130 fatorum
2686 4066 2936 4130 expro-

897 4240 939 4307 ¹)
975 4238 1052 4293 Ut
1089 4239 1233 4308 apud
1272 4239 1507 4295 Statium
1544 4241 1793 4310 Iuppiter
1831 4241 2162 4296 Mercurium
2198 4240 2320 4297 Laii
2375 4244 2622 4299 umbram
2673 4256 2953 4299 arcessere

714 4330 889 4395 iubet,
928 4328 1009 4381 ita
1047 4325 1193 4396 apud
1230 4326 1482 4382 Ovidium
1510 4328 1648 4383 Iuno
1675 4328 1759 4382 vel
1787 4330 1892 4383 Iris
1921 4332 2129 4384 somnio
2153 4330 2398 4399 mandat,
2435 4336 2499 4385 ut
2525 4330 2716 4401 Ceycis
2736 4329 2954 4403 ’umbra

707 4434 804 4487 per
843 4416 1052 4469 somnia
1091 4422 1319 4472 mortem
1356 4416 1595 4486 detegat.

878 4505 922 4577 ¹)
961 4502 1044 4559 cf.
1083 4502 1357 4558 Helmium
1394 4506 1427 4559 l.
1469 4506 1506 4559 l.
1544 4524 1597 4581 p.
1635 4506 1702 4560 39
1742 4524 1860 4577 sqq.
