3242 5059
1209 396 1654 505 ..49-

310 602 376 668 in
427 622 550 687 quo
598 603 948 688 Agrippina
997 602 1179 686 quasi
1224 602 1416 667 Furia
1473 602 1572 683 (ut
1617 622 1674 665 v.
1729 601 1856 666 593
1890 602 2053 683 sqq.)
2117 599 2395 683 apparet,
2466 590 2542 662 ad
2636 605 2683 680 j

313 710 776 793 provehendam
824 710 1135 775 actionem
1185 708 1350 789 nihil
1397 707 1607 789 valet3
1676 709 1993 791 praeterea
2039 706 2305 771 Neronis
2352 705 2551 771 exitus

310 819 376 881 in
451 818 568 883 hac
617 817 938 902 tragoedia
1007 836 1128 882 non
1188 818 1277 881 ita
1349 816 1748 899 describitur,
1819 818 1890 880 ut
1958 816 2174 879 narrat
2241 813 2549 896 Poppaea.

308 922 432 988 Hic
505 926 740 1008 quanta
787 925 1107 1007 voluptate
1176 923 1239 987 in
1291 923 1528 988 talibus
1594 922 1853 987 somniis
1901 921 2313 986 horribilibus
2370 921 2551 1004 poeta

306 1033 592 1097 versatus
641 1031 744 1113 sit,
794 1031 1230 1115 cognoscimus
1256 1032 1324 1114 ²).

491 1139 589 1203 Ad
664 1139 923 1205 tertium
996 1140 1266 1222 denique
1337 1156 1536 1223 genus
1630 1136 1983 1201 animarum
2056 1153 2369 1215 ascensuS,
2442 1134 2552 1217 qui

308 1249 463 1311 sunt
533 1246 701 1328 apud
748 1245 1044 1310 Senecam
1115 1250 1176 1309 et
1223 1244 1518 1309 Octaviae
1588 1246 1836 1327 poetam
1907 1242 2215 1319 venimus,
2296 1242 2358 1306 in
2430 1260 2551 1324 quo

307 1372 575 1435 persona
692 1352 999 1436 quaedam
1115 1354 1358 1418 summo
1483 1353 1713 1415 terrore
1805 1350 2172 1432 perturbata
2264 1348 2552 1414 umbram

309 1458 585 1523 alicuius
657 1459 935 1543 aspicere
1005 1459 1129 1522 sibi
1203 1458 1470 1523 videtur.
1586 1456 2044 1539 Andromacha,
2122 1473 2265 1520 cum
2334 1455 2551 1521 Ulixes
2624 1483 2629 1489 ·

304 1565 753 1647 Astyanactem
823 1566 889 1630 in
939 1565 1225 1630 Hectoris
1299 1563 1617 1629 tumulum
1699 1564 1985 1628 abditum
2058 1562 2388 1627 evulsurus
2458 1563 2553 1627 est

307 1672 483 1755 (Seu.
532 1673 757 1738 Troad.
808 1693 862 1738 v,
893 1675 1014 1738 681
1055 1676 1235 1755 sqq.)‚
1287 1691 1531 1737 summo
1579 1672 1803 1735 timore
1850 1670 2181 1754 perterrita
2220 1668 2552 1734 Hectorem

308 1779 595 1862 aspicere
644 1780 763 1844 sibi
801 1780 1070 1868 videtur,
1122 1779 1287 1863 quod
1336 1780 1476 1861 apte
1512 1777 1743 1842 Seneca
1790 1777 1879 1842 ita
1912 1776 2231 1859 exprimit:

1085 1936 1099 1951 .
1130 1935 1144 1951 .
1204 1906 1424 1969 rumpe
1468 1884 1747 1967 fatorum
1792 1906 2001 1946 moras
2012 1882 2059 1965 ²)

629 1992 846 2056 molire
891 2005 1088 2056 terras
1135 1991 1382 2073 Hector,
1433 2003 1500 2055 ut
1561 1992 1624 2055 U
1619 1993 1789 2055 limen
1835 1992 2057 2067 domes,

631 2101 722 2163 vel
765 2099 987 2163 umbra
1031 2102 1187 2163 satis
1234 2120 1312 2163 es,
1363 2137 1446 2145 -—-
1498 2101 1706 2161 Arma
1749 2100 2049 2163 concussit
2094 2118 2306 2162 manu.

640 2205 964 2270 Iaculatur
1008 2209 1198 2293 iynes,
1251 2242 1332 2252 —
1387 2204 1655 2269 Gemitis
1704 2204 1925 2269 Danai
1974 2202 2295 2269 Hectorem

631 2336 712 2377 cm
759 2313 890 2376 sola
935 2313 1144 2379 video?

494 2421 565 2483 In
600 2420 852 2485 Medeae
902 2438 1185 2485 sermone
1233 2420 1423 2500 (Med.
1473 2439 1529 2483 v.
1583 2420 1712 2483 963
1746 2420 1917 2502 sqq.)
1965 2416 2075 2482 illo
2131 2418 2314 2502 quasi
2348 2418 2548 2500 speci-

302 2528 483 2593 mine
557 2528 710 2591 artis
779 2527 1124 2592 rhetoricae
1195 2527 1417 2591 Medea
1484 2526 1649 2589 filios
1722 2544 1865 2591 suos
1921 2526 2271 2590 mactatura
2339 2524 2551 2589 fratris

304 2635 606 2699 umbram
679 2634 977 2718 dispersis
1021 2632 1310 2695 membris
1382 2632 1815 2697 advenientem
1898 2632 2085 2711 videt,
2158 2631 2268 2714 qui
2323 2650 2551 2715 poenas

299 2740 488 2825 petit.

494 2846 843 2911 Cassandra
892 2848 1142 2929 (Agam.
1181 2867 1235 2911 v,
1275 2850 1392 2911 741
1437 2849 1595 2929 sqq.)
1646 2846 1993 2911 vaticinans
2042 2864 2296 2911 suorum
2344 2845 2549 2909 larvas

307 2944 529 3019 videre
564 2954 688 3018 sibi
723 2954 989 3035 videtur,
1039 2958 1208 3037 quas'
1237 2954 1416 3037 sequi
1462 2954 1601 3017 vult
1649 2954 1714 3018 in
1747 2954 2077 3018 Tartarum
2128 2954 2189 3017 et
2220 2952 2551 3016 Hectorem

299 3063 570 3143 eiusque
616 3061 815 3123 lacera
847 3050 1132 3123 'membra
1200 3073 1254 3125 et
1315 3064 1557 3123 saucios
1621 3061 1820 3123 vinclo
1863 3063 2046 3146 qravi
2092 3059 2232 3122 illos
2278 3060 2549 3126 lacertos.

301 3168 594 3249 Denique
641 3168 1008 3251 perturbata
1055 3168 1360 3233 exclamat
1405 3172 1506 3249 (xx.
1540 3170 1667 3233 754
1703 3172 1892 3252 sqq.):

645 3325 659 3340 .
691 3325 704 3339 .
734 3325 748 3339 .
771 3296 886 3355 vos,
934 3274 1207 3356 umbrae,
1253 3295 1468 3358 precor

634 3393 890 3445 reserate
931 3382 1196 3465 paulum
1241 3384 1417 3467 'terya
1463 3383 1779 3467 niqrantis
1818 3381 1972 3462 poli,

631 3490 778 3552 levis
823 3501 893 3552 ut
943 3489 1231 3573 Mycenas
1277 3489 1459 3553 turba
1493 3490 1843 3572 prospiciat
1890 3487 2232 3571 Phryqum,

625 3607 882 3683 spectate
927 3598 1142 3658 miseri
1168 3621 1182 3659 :
1231 3594 1370 3677 fata
1415 3616 1477 3657 se
1521 3605 1761 3657 vertunt
1805 3605 1965 3657 retro
1991 3591 2062 3675 ²).

303 3755 512 3811 somnii
551 3756 758 3826 species
798 3755 1167 3822 occurrerunt,
1231 3754 1300 3808 ad
1339 3753 1753 3809 sacrificandum
1801 3752 2193 3822 libandumque
2231 3769 2290 3807 se
2330 3770 2548 3807 conver-

298 3851 423 3899 tere
459 3844 670 3899 docent.

495 3932 532 3999 ι’)
573 3932 655 3987 Cf.
697 3932 754 3987 id
792 3932 938 4004 quod
978 3930 1292 3987 Staehlinus
1349 3931 1386 3987 1.
1425 3931 1463 3987 l.
1501 3948 1552 4002 p.
1601 3927 1701 3985 170
1757 3930 1824 3985 de
1864 3929 2125 3986 Octaviae
2165 3935 2221 3983 et
2251 3928 2548 4001 Poppaeae

303 4021 536 4076 somniis
575 4022 752 4077 affert.
1499 4048 1502 4051 ⁴

489 4106 534 4179 ²)
572 4109 724 4176 Quae
776 4111 983 4166 locutio
1045 4112 1102 4165 in
1159 4110 1320 4178 Verg.
1387 4126 1572 4179 georg.
1609 4110 1696 4163 111
1751 4110 1821 4163 43
1880 4110 2116 4180 primum
2172 4115 2436 4179 usurpata
2492 4110 2548 4162 in

307 4198 556 4255 Aeneide
582 4198 666 4253 bis
706 4199 802 4266 (IV
831 4200 932 4254 569
973 4205 1029 4253 et
1064 4200 1144 4253 IX
1178 4198 1261 4265 13)
1286 4200 1586 4269 repetitur3
1626 4202 1917 4269 sequentes
1942 4202 2139 4268 poetae
2167 4202 2223 4253 et.
2252 4198 2549 4269 scriptores

307 4303 432 4342 eam
473 4286 707 4345 libenter
745 4288 1142 4355 adhibuerunt3
1183 4287 1250 4342 cf.
1289 4287 1580 4353 Krollium,
1616 4286 1683 4341 N.
1722 4286 1851 4342 Jhb.
1889 4286 1969 4341 XI
2007 4305 2059 4358 p.
2102 4286 2184 4340 10.

497 4374 540 4441 ⁸)
580 4374 888 4431 Staehlinus
947 4377 983 4431 l.
1023 4377 1059 4431 1.
1118 4394 1170 4447 p.
1215 4376 1315 4430 156
1372 4376 1471 4430 has
1526 4376 1829 4431 inferorum
1886 4376 2154 4446 imagines
2207 4374 2264 4428 in
2315 4380 2549 4445 utroque

315 4464 651 4519 Graecorum
716 4466 958 4536 exemplo
1026 4494 1080 4505 -›
1155 4467 1210 4518 in
1265 4463 1521 4533 Aeschyli
1581 4466 1985 4533 Agamemnone
2047 4468 2103 4518 et
2158 4464 2214 4516 in
2270 4461 2548 4533 Euripidis

2196 4552 2229 4605 4
