3242 5059
1561 454 2005 529 *50-

841 648 1012 737 Quas
1061 652 1538 725 exclamationes
1611 661 1674 724 et
1720 659 1991 725 visiones
2061 680 2132 725 ex
2177 658 2496 725 rhetorum
2568 648 2909 745 disciplina

661 768 1012 831 manavisse
1061 768 1202 850 quis
1251 769 1346 831 est
1393 766 1503 851 qui
1549 786 1671 830 non
1724 766 1963 831 videat!

841 858 1194 957 Agrippina
1217 872 1387 956 (Oct.
1423 892 1479 939 v,
1518 876 1647 938 614
1673 872 1858 957 sqq.),
1908 874 2047 956 ipsa
2078 873 2321 953 umbra,
2371 875 2660 940 exstincti
2692 874 2909 940 mariti

661 978 1004 1064 imaginem
1054 979 1350 1044 infestam
1397 986 1896 1064 persequentem,
1968 982 2332 1062 instantem,
2405 981 2750 1046 minantem
2800 1001 2903 1045 as-

661 1088 849 1169 picit;
897 1088 1122 1151 umbra
1157 1086 1452 1152 umbram
1488 1086 1697 1152 videre
1734 1088 2005 1165 videtur,
2055 1108 2176 1172 quo
2211 1089 2373 1152 nihil
2406 1088 2669 1173 cogitari
2702 1091 2909 1172 potest

662 1194 1052 1259 infernaliuS.

837 1300 1086 1381 Omnia,
1137 1321 1294 1385 quae
1343 1302 1419 1367 de
1453 1301 1685 1367 Seneca
1731 1303 1792 1367 et
1828 1299 2124 1367 Octaviae
2174 1305 2356 1387 poeta
2391 1304 2687 1384 diximuS,
2735 1324 2906 1369 com-

657 1410 999 1493 plectentes
1059 1408 1204 1474 illos
1257 1409 1561 1489 omnium,
1638 1428 1791 1493 quos
1861 1410 2273 1474 tractavimus
2344 1411 2903 1495 tractabimusqne,

663 1519 988 1600 poetarum
1037 1517 1113 1581 ad
1165 1518 1602 1582 describendas
1651 1537 1749 1582 res
1797 1517 2028 1581 inferas
2093 1520 2154 1581 et
2202 1518 2555 1583 animarum
2612 1538 2908 1585 ascensus

658 1624 925 1689 maxime
972 1624 1278 1689 inclinare
1305 1624 1761 1709 cognoscimus.
2140 1696 2153 1707 ‚

835 1732 1020 1798 Nunc
1066 1731 1141 1809 ad
1193 1732 1396 1814 epicos
1461 1750 1572 1795 nos
1640 1732 2094 1797 convertamus,
2190 1732 2515 1801 Lucanus
2566 1734 2902 1823 permultis

660 1840 814 1904 locis
910 1838 984 1903 de
1076 1839 1368 1904 manibus
1462 1838 1708 1903 locutus
1804 1839 1965 1904 libro
2059 1841 2228 1903 sexto
2321 1838 2499 1903 illam
2594 1840 2901 1925 necyiam,

658 1966 847 2031 quam
905 1945 1242 2029 diligenter
1288 1945 1560 2010 Fahzius
1585 1944 1631 2029 ¹)
1678 1947 2105 2028 perscrutatus
2156 1947 2269 2027 est,
2318 1946 2607 2012 inseruit.
2730 1948 2913 2012 Lon--

658 2054 860 2137 giores
938 2055 1146 2129 tamen
1227 2052 1582 2119 animarum
1661 2071 1953 2117 ascensus
2032 2053 2275 2117 duobus
2356 2054 2473 2139 vel,
2546 2054 2600 2118 si
2678 2054 2903 2119 Italiae

657 2160 1000 2244 imaginem
1022 2158 1070 2239 ¹³)
1141 2160 1204 2223 in
1269 2159 1621 2224 animarum
1693 2160 2054 2224 ascensibus
2126 2178 2453 2225 numerare
2502 2150 2619 2242 viS,
2692 2162 2900 2227 tribus

659 2267 810 2331 locis
859 2266 1177 2331 habemus

833 2374 1130 2457 Pompeio
1202 2372 1538 2437 dormienti
1595 2372 1796 2437 Iuliae
1867 2371 2077 2455 imago
2143 2372 2333 2457 plena
2412 2373 2545 2435 diri
2620 2372 2903 2435 horroris

656 2484 914 2564 apparet
945 2481 1066 2561 (ΙΙΙ
1115 2482 1152 2545 8
1189 2482 1373 2564 sqq.),
1423 2499 1580 2562 quae
1613 2499 1724 2563 per
1771 2480 2052 2544 hiantem
2084 2482 2315 2544 terram
2365 2484 2552 2563 caput
2587 2485 2896 2545 maestum

657 2728 965 2785 Troadibus
1004 2758 1069 2767 —
1111 2728 1300 2783 deesse
1338 2727 1475 2782 dicit
1512 2732 1568 2783 et
1605 2730 1685 2784 ita
1721 2729 1929 2799 pergit:
1995 2727 2094 2793 „ob
2151 2729 2231 2783 sie
2288 2744 2387 2783 aus
2441 2730 2595 2784 einer
2652 2729 2892 2784 anderen

657 2818 1043 2879 literarischen
1075 2819 1205 2873 oder
1229 2817 1580 2871 miindliehen
1604 2817 1798 2884 Quelle
1837 2822 2102 2871 stammen
2131 2818 2264 2871 oder
2289 2835 2409 2871 vom
2433 2817 2678 2885 Dichter,
2720 2819 2900 2872 seiner

655 2908 824 2963 ofters
882 2906 1229 2961 bekundeten
1269 2906 1524 2977 Neigung
1586 2906 2001 2978 entsprechend,
2060 2906 2411 2978 grauenvolle
2450 2906 2735 2962 Gestalten
2780 2908 2891 2962 -der

661 2996 958 3051 Unterwelt
995 2997 1268 3051 entweder
1323 2995 1496 3051 selbst
1532 2995 1807 3049 auftreten
1867 2995 1998 3049 oder
2049 2994 2190 3050 doch
2247 2998 2573 3064 wenigstens
2621 2996 2758 3050 iiber
2814 2997 2897 3051 sie

657 3080 943 3142 berichten
981 3101 1047 3140 zu
1083 3084 1280 3151 lassen,
1318 3084 1419 3137 frei
1460 3084 1722 3139 erfuuden
1764 3084 1906 3152 sind,
1942 3086 2078 3139 wird
2114 3085 2231 3139 sich
2259 3085 2414 3140 nicht
2451 3088 2553 3140 mit
2581 3084 2891 3140 Sicherheit

661 3174 1014 3230 entscheiden
1068 3174 1303 3228 lassen“.
1415 3173 1527 3228 Has
1592 3174 1859 3243 imagines
1908 3180 2129 3245 poetam
2191 3175 2369 3244 ipsum
2421 3176 2694 3229 invenisse
2756 3176 2894 3229 satis

660 3270 809 3318 certo
850 3263 1157 3318 confirmari
1207 3268 1342 3333 puto
1396 3263 1467 3315 iis
1514 3261 1696 3329 rebus,
1753 3279 1889 3332 quas
1948 3261 2109 3317 modo
2160 3264 2216 3317 in
2274 3262 2509 3318 Senecae
2568 3262 2766 3317 sabulis
2827 3281 2895 3317 ac

655 3351 922 3408 mustellis
963 3351 1364 3423 perlustrandis
1404 3352 1855 3417 commemoravi3
1897 3368 2022 3405 nam
2062 3352 2323 3406 Senecam
2362 3352 2461 3406 has
2500 3354 2765 3422 imagines
2802 3368 2896 3407 vo-

655 3442 870 3511 luptate
911 3458 1091 3495 rerum
1116 3440 1544 3500 formidabilium
1573 3446 1631 3494 et
1655 3440 1990 3495 infernarum
2018 3446 2349 3495 commotum
2388 3441 2606 3497 finxisse
2632 3441 2888 3497 vidimus.

834 3529 879 3599 ¹)
919 3530 999 3583 De
1053 3530 1418 3584 Romanorum
1480 3535 1763 3599 poetarum
1823 3530 2073 3583 doctrina
2134 3530 2348 3598 magica
2404 3533 2460 3583 in
2517 3530 2691 3599 Relig.
2751 3530 2894 3587 wiss.

656 3619 805 3675 Vera.
845 3636 896 3672 u.
936 3618 1161 3674 Vorarb.
1194 3619 1328 3673 1903
1355 3618 1415 3672 ΙΙ
1450 3619 1548 3673 Bd.
1589 3618 1639 3673 3.
1680 3618 1814 3673 Hest
1850 3635 1902 3687 p.
1951 3618 2045 3671 107
2074 3636 2193 3689 sqq.

835 3707 879 3775 ²>
919 3708 1122 3763 Caesar
1159 3724 1280 3765 cum
1320 3708 1389 3761 ad
1420 3707 1756 3763 Rubiconem
1782 3708 2105 3776 pervenerit,
2148 3707 2479 3776 trepidantis
2518 3708 2728 3776 patriae
2754 3707 2891 3764 ima·

662 3798 840 3868 ginem
883 3814 979 3867 per
1017 3798 1306 3853 obscuram
1342 3804 1560 3852 noctem
1617 3796 1815 3866 aspicit
1854 3796 2067 3861 (Phars.
2105 3796 2131 3847 I
2176 3796 2273 3851 185
2306 3797 2467 3867 sqq.),
2533 3814 2671 3869 quae
2729 3801 2895 3853 turri-

646 3906 770 3959 yero
833 3889 1020 3942 vertice
1080 3904 1235 3941 canos
1298 3889 1466 3941 crines
1527 3886 1793 3957 effundens
1858 3887 2091 3940 caesarie
2152 3888 2327 3940 lacera
2368 3887 2618 3954 nudisque
2682 3890 2897 3942 lacertis

655 3977 1018 4045 ingemiscens
1055 3974 1191 4029 haec
1228 3975 1502 4047 loquitur:

794 4070 798 4075 '
1635 4104 1649 4119 .
1689 4101 1703 4116 .
1743 4104 1757 4119 .
1799 4064 1907 4127 Quo
1942 4066 2153 4119 tenditis
2190 4068 2371 4119 ultra?

1078 4153 1186 4216 Quo
1213 4154 1375 4223 sertis
1411 4172 1527 4209 mea
1563 4156 1716 4225 aigyna
1752 4156 1887 4209 viri?
1921 4153 1983 4207 Si
2018 4156 2134 4208 iure
2170 4156 2370 4219 venitis,

1072 4245 1120 4297 ei
1156 4245 1306 4310 cives,
1343 4245 1439 4297 hue
1475 4261 1636 4312 usquc
1672 4246 1805 4298 licet.

828 4350 1006 4405 Huius
1063 4350 1265 4421 speciei
1303 4350 1631 4420 compositio
1688 4350 1877 4404 eadem
1916 4359 2001 4407 est
2057 4366 2198 4421 quae
2235 4349 2537 4404 animarum
2595 4366 2894 4406 ascensus:

655 4456 768 4494 nox
806 4444 863 4494 et
886 4440 1141 4508 imaginis
1178 4439 1348 4494 facies
1375 4438 1779 4506 describuntur,
1818 4438 2018 4495 Caesar
2044 4440 2164 4493 visu
2190 4438 2607 4508 obstupefactus
2644 4445 2702 4495 et
2728 4441 2893 4495 terri·

651 4533 742 4586 tus
779 4528 966 4584 Iovem
1001 4532 1160 4583 vocat
1197 4527 1580 4597 imploratque.
