3242 5059
1587 402 2023 471 ...32—

681 603 1004 670 excitandi
1053 640 1127 651 -—
1184 604 1255 667 ut
1301 601 1468 667 infra
1516 601 1876 667 videbimus
1927 640 2009 649 —
2060 602 2361 667 adhibent
2410 603 2583 669 velut
2632 603 2749 668 hoc
2796 603 2931 669 loco

683 714 768 793 (v.
824 712 980 792 289)

1179 816 1296 881 heu
1339 816 1517 902 fraqe.
1547 866 1561 881 .
1591 866 1606 881 .
1624 828 1797 900 teque
1841 816 1938 879 his
1984 818 2151 901 eripe
2198 818 2471 892 flammis

681 927 745 991 et
819 926 984 1009 apud
1063 925 1406 1013 Homerum
1464 924 1555 1005 (v.
1607 926 1717 1005 71)
1787 923 1971 987 θάπτε
2018 947 2091 1008 με
2158 922 2244 987 ὅτι
2310 924 2569 1009 τάχιστα.
2687 927 2931 990 Aeneas

681 1033 1011 1099 Hectorem
1059 1034 1190 1104 tam
1260 1031 1578 1096 foedatum
1628 1030 1939 1115 aspiciens
1988 1050 2060 1097 ac
2104 1031 2505 1097 vulneratum
2563 1031 2930 1115 interrogat,

679 1160 792 1206 cur
835 1142 967 1204 tam
1017 1137 1312 1227 deformis
1362 1139 1479 1216 sit3
1536 1137 1885 1202 rectissime
1933 1140 2115 1222 poeta
2162 1157 2642 1223 nonnumquam
2692 1140 2928 1204 somni·

681 1249 895 1313 antem
941 1265 1068 1337 ea„
1106 1264 1264 1329 quae
1338 1246 1655 1328 postrema
1701 1246 1880 1328 gesta
1912 1246 2080 1326 sunt,
2130 1245 2399 1311 oblitum
2434 1265 2569 1311 esse
2619 1247 2927 1329 cognovit.

861 1354 1100 1428 Aeneas
1148 1351 1401 1435 fugiens
1470 1354 1689 1417 urbem
1736 1352 1987 1437 repetit,
2036 1370 2179 1416 cum
2228 1352 2294 1417 in
2343 1351 2627 1418 tumultu
2676 1373 2930 1420 uxorem

679 1480 857 1527 suam
905 1460 1218 1538 amiserit;
1267 1459 1476 1524 subito
1525 1460 1582 1524 ei
1630 1459 1831 1523 maior
1864 1458 2132 1524 Creusae
2191 1458 2399 1544 imago
2446 1461 2537 1539 (II
2587 1462 2706 1526 771
2764 1481 2933 1559 sqq.)

684 1570 820 1635 visa
869 1570 1013 1632 ante
1061 1566 1272 1652 ¹oculos
1323 1565 1603 1651 stupenti
1651 1585 1723 1631 ac
1770 1566 2099 1649 perterrito
2148 1585 2213 1630 se
2239 1566 2405 1631 inter
2438 1569 2584 1634 deas
2612 1572 2926 1655 receptam

680 1694 815 1742 esse
861 1675 1114 1744 nuntiat
1184 1677 1246 1739 et
1315 1673 1516 1738 satum
1566 1672 1974 1738 vaticinatur:
2024 1673 2246 1739 multis
2295 1675 2611 1741 erroribus
2662 1678 2929 1761 peractis

678 1783 745 1849 in
794 1782 1072 1850 Italiam¹
1100 1799 1242 1845 eum
1291 1781 1759 1863 perventurum,
1808 1779 1899 1844 ibi
1946 1798 2180 1844 novum
2214 1799 2480 1864 regnum
2530 1784 2933 1851 conditurum

681 1890 1036 1972 iterumque
1095 1888 1422 1971 coniugem
1473 1888 1536 1951 in
1601 1885 2076 1954 matrimonium
2127 1886 2462 1953 ducturum
2512 1909 2664 1955 esse.
2761 1889 2935 1956 Haec

681 1996 790 2059 ubi
836 1996 1002 2059 dicta
1049 1995 1219 2058 dedit
1263 1995 1504 2057 recessit
1550 1995 1620 2056 in
1669 2014 1879 2059 auras,
1974 1994 2137 2077 Apte
2184 2013 2221 2059 a
2267 1998 2447 2079 poeta
2513 1996 2663 2061 haec
2709 1998 2935 2062 umbra

681 2100 1124 2184 introducitur,
1205 2111 1362 2165 nam'
1399 2101 1646 2164 Aeneae
1693 2098 1989 2165 Creusam
2059 2100 2298 2182 petenti
2346 2103 2411 2166 et
2457 2104 2703 2167 vocanti
2752 2104 2930 2168 larva

681 2208 816 2274 eius
864 2211 1124 2292 apparet
1146 2206 1228 2291 ¹);
1309 2226 1468 2291 quae
1539 2224 1763 2271 scaena
1841 2207 2042 2289 magis
2126 2206 2191 2271 in
2265 2206 2529 2273 dicendo
2606 2229 2795 2293 quam
2868 2210 2931 2272 in

684 2317 925 2399 agendo
993 2314 1301 2379 consistit.
1398 2313 1517 2379 Sed
1590 2313 2001 2398 inspiciamus
2073 2313 2355 2399 singula3
2423 2334 2715 2381 ascensus
2764 2334 2930 2381 com-

689 2423 918 2508 positio
965 2422 1222 2489 Homeri
1295 2421 1608 2504 exemplar
1678 2420 2006 2485 imitat-ur.
2056 2421 2436 2503 legentibus,
2516 2424 2679 2506 quod
2753 2425 2934 2507 poeta

684 2530 841 2595 dicit
915 2530 1141 2612 infhlix
1213 2528 1619 2591 simulacrum
1694 2526 1979 2607 Creusae,
2050 2528 2233 2593 affert
2307 2530 2674 2593 memoriam
2754 2529 2931 2594 illius

684 2636 1003 2702 Homerici
1067 2632 1437 2719 Πατροκλῆος
1505 2635 1735 2713 δειλοῖο,
1804 2634 1994 2699 facies
2067 2634 2445 2700 describitur
2508 2636 2713 2702 verbis
2788 2646 2934 2701 nota

682 2746 750 2825 (i.
786 2765 834 2808 e.
868 2742 1032 2827 viva)
1080 2744 1286 2805 maior
1315 2744 1546 2827 imaqo,
1583 2741 1812 2825 quibus
1840 2740 2137 2806 divinitas
2180 2740 2447 2807 Creusae
2480 2742 2929 2827 exprimitur-²).

684 2852 821 2916 Iam
847 2852 1006 2932 tum,
1042 2869 1183 2914 cum
1218 2856 1479 2934 apparet
1511 2851 1755 2930 umbra,
1790 2850 2066 2913 Aeneam
2093 2849 2419 2932 perterret,
2469 2869 2658 2934 quam
2704 2850 2932 2935 spectri

686 2958 818 3023 vim
866 2957 1145 3022 nondum
1179 3036 1182 3039 ⁴
1216 2956 1381 3040 apud
1453 2956 1787 3038 scriptores
1845 2955 2224 3036 invenimuS,
2296 2976 2441 3021 nam
2498 2958 2721 3022 ceteris
2780 2956 2931 3021 locis

685 3063 1050 3129 mostellum
1081 3083 1201 3127 non
1239 3063 1365 3127 vim
1380 3062 1764 3127 exhibetnisi
1800 3081 2207 3139 evanescens;
2243 3063 2620 3128 sententiam
2646 3067 2929 3145 (v.774):

908 3170 1196 3255 obstipui,
1240 3180 1644 3253 steteruntque
1689 3191 1893 3232 comae
1938 3180 1993 3231 et
2043 3190 2156 3233 vox
2198 3170 2488 3252 faucibus
2532 3170 2727 3235 haesit

688 3280 873 3362 poeta
921 3279 984 3343 in
1035 3275 1332 3361 Polydori
1381 3276 1586 3360 specie
1634 3277 1753 3357 (III
1800 3279 1911 3377 ἢν)
1962 3278 2208 3359 repetit.
2276 3276 2540 3343 Etiamsi
2592 3278 2745 3341 satis
2803 3297 2929 3342 cer·

871 3420 914 3488 ¹)
955 3419 1110 3487 Quod
1150 3418 1458 3473 observavit
1500 3418 1759 3471 Heinsius
1797 3417 1834 3471 l.
1872 3416 1907 3471 1.
1948 3434 2000 3487 p.
2040 3417 2144 3472 806
2183 3435 2267 3488 sq.

875 3508 916 3574 ²)
957 3507 1156 3562 Eodem
1223 3506 1382 3561 modo
1445 3506 1673 3560 heroum
1725 3505 1896 3559 facies
1958 3504 2279 3576 plerumque
2335 3506 2695 3573 describitur3
2761 3523 2935 3578 pauca

694 3596 939 3666 exempla
976 3597 1066 3651 hic
1102 3595 1299 3650 habes:
1365 3594 1618 3665 Epizelus
1669 3595 1890 3664 quidam
1931 3610 2185 3661 magnum
2224 3595 2397 3649 virum
2438 3600 2727 3662 armatum,
2782 3596 2933 3650 cuius

694 3684 867 3742 barba
902 3689 1078 3740 totum
1119 3684 1354 3754 clipeum
1394 3686 1553 3751 tegit,
1590 3682 1740 3738 videt
1780 3682 1999 3749 (Herod.
2045 3682 2117 3735 VI
2163 3683 2304 3751 117),
2362 3683 2630 3753 Phylacus
2669 3691 2727 3739 et
2766 3684 2931 3739 Anto*

692 3790 849 3841 nous,
905 3773 1100 3829 heroes
1158 3771 1430 3841 Delphici,
1490 3773 1720 3826 maiores
1785 3787 1945 3841 quam
2005 3788 2102 3841 pro
2141 3771 2380 3827 humana
2430 3779 2627 3842 natura
2665 3775 2931 3828 visisunt

696 3861 852 3931 (Vm
888 3862 974 3931 88,
1013 3864 1124 3930 39),
1161 3862 1354 3916 heroes
1394 3861 1639 3927 Troiani,
1679 3860 1773 3930 qui
1800 3862 1977 3914 varias
2002 3877 2090 3913 res
2116 3863 2522 3929 praenuntiant,
2559 3863 2743 3929 magni
2772 3867 2829 3915 et
2854 3860 2929 3915 di-

691 3952 803 4006 vini
829 3958 1097 4023 apparent
1121 3950 1402 4019 (Philostr.
1436 3950 1558 4003 Her.
1589 3968 1637 4019 p.
1679 3950 1789 4015 149,
1836 3948 1933 4014 313
1989 3950 2099 4010 ¹50,
2145 3950 2313 4020 lsqq.
2345 3956 2474 4004 tom.
2504 3948 2561 4003 11
2612 3951 2680 4004 ed
2726 3949 2935 4021 Kays.)‚

691 4040 894 4095 Hector
950 4040 1024 4113 (p.
1060 4040 1174 4106 1151,
1220 4038 1250 4090 2
1290 4040 1411 4110 sq.),
1474 4038 1791 4093 Palamedes
1830 4042 1903 4107 (p.
1952 4038 2069 4104 153,
2129 4040 2195 4091 24
2234 4039 2338 4108 sq.)
2376 4038 2527 4109 μέγας
2564 4038 2651 4091 καὶ
2687 4037 2841 4094 καλὸς
2877 4036 2933 4089 τὸ

689 4128 834 4198 εἶδος,
890 4129 1130 4185 Achilles
1175 4130 1251 4198 (p.
1281 4128 1397 4192 155,
1445 4130 1478 4181 ὁ
1517 4129 1659 4198 sqq.)
1688 4125 1914 4196 pulcher
1952 4129 2009 4179 et
2045 4143 2291 4195 magnus.
2366 4127 2523 4196 Apud
2562 4126 2927 4183 Romanorum

686 4224 878 4290 poetas
937 4217 1161 4273 umbrae
1220 4233 1627 4286 nonnumquam
1691 4216 1922 4269 maiores
1976 4215 2059 4269 vel
2113 4216 2365 4284 ingentes
2416 4216 2811 4285 significantur,
2876 4222 2937 4270 ut

687 4305 927 4361 Achilles
979 4307 1172 4377 ingens
1211 4311 1443 4375 apparet
1479 4304 1629 4372 (Sen.
1667 4302 1865 4357 Troad.
1912 4304 2032 4370 181)
2090 4308 2144 4359 et
2182 4304 2339 4358 Pauli
2393 4310 2667 4375 spectrum
2706 4303 2826 4372 (Sil.
2854 4303 2931 4358 XI

693 4395 824 4463 848)
853 4398 912 4449 et
934 4394 1213 4449 Hamilcar
1247 4394 1408 4462 (xm
1447 4394 1552 4447 750
1589 4392 1693 4462 sq.)
1755 4435 1764 4446 .
1807 4432 1819 4446 .
1863 4435 1874 4446 .
1913 4394 2071 4447 citato
2108 4396 2271 4447 celsus
2309 4395 2415 4447 abit
2450 4412 2633 4464 gressu
2671 4395 2936 4461 maiorque

687 4484 903 4538 recessit
939 4486 1128 4554 imaqo.
