3242 5059
1215 362 1651 433 ...48-

316 562 464 627 certi
533 563 752 647 poetae
800 565 881 643 (v.
956 563 1082 627 593
1131 565 1294 647 sqq.)
1358 563 1422 627 in
1493 581 1780 627 scaenam
1850 562 2079 647 prodit.
2206 559 2552 647 Agrippina

323 671 688 736 ardentibus
757 670 1002 735 facibus
1072 670 1336 735 Neronis
1417 672 1480 734 et
1529 671 1851 755 Poppaeae
1900 669 2139 753 nuptiis
2186 670 2551 755 praelucens

319 797 381 841 se
427 776 657 843 tellure
713 779 898 861 rupta
977 796 1048 841 ex
1093 777 1354 841 Tartaro
1425 778 1704 845 evasisse.
1744 778 1989 857 narrat3
2070 796 2315 860 semper
2374 775 2549 841 illius

317 884 590 949 nefariae
658 883 866 948 caedis
939 903 1005 948 se
1073 902 1412 948 memorem
1461 903 1616 965 esse,
1692 884 2001 949 Neronem
2057 902 2237 948 suam
2284 884 2549 948 matrem

313 990 546 1056 frustra
570 991 899 1074 naufragio
930 992 1188 1074 perdere
1222 992 1510 1056 conatum
1552 990 1730 1055 brevi
1756 992 1895 1073 post
1920 990 2083 1055 ferro
2114 989 2548 1061 trucidavisse.

311 1098 494 1164 Nunc
540 1098 747 1164 filium
795 1099 986 1173 etiam
1035 1100 1274 1163 statuas
1322 1118 1468 1164 suas
1517 1098 1726 1163 delere
1772 1117 1848 1163 ac·
1890 1117 2089 1179 ruere,
2141 1097 2307 1163 diem
2339 1099 2547 1177 tamen
2624 1087 2629 1093 ’

307 1204 646 1288 aliquando
692 1209 1030 1271 venturum
1097 1225 1249 1287 esse,
1322 1225 1444 1289 quo
1516 1224 1747 1288 poenas
1797 1204 2017 1270 solvat.
2110 1204 2245 1269 Iam
2293 1204 2548 1270 Furiam

307 1312 669 1395 imperatori
747 1314 1012 1377 mortem
1088 1311 1521 1394 turpissimam
1599 1330 1820 1395 parare
1851 1310 1897 1393 ¹)
1984 1314 2045 1375 et
2119 1310 2549 1377 horribiliores

309 1438 536 1501 poenas
584 1436 772 1503 quam
819 1418 1094 1499 Tantali,
1146 1418 1421 1503 Sisyphi,
1468 1418 1663 1501 Tityi,
1736 1418 1986 1483 Ixionis,
2081 1418 2157 1483 Se
2206 1418 2323 1482 hoc
2368 1422 2546 1484 mon-

309 1527 510 1590 strum
560 1526 894 1609 peperisse,
974 1525 1356 1606 educavisse,
1439 1524 1756 1590 adiuvisse
1826 1525 2143 1590 detestans
2215 1526 2547 1608 evanescit,

310 1632 605 1716 quoniam
676 1632 807 1696 suis
856 1631 1019 1695 nihil
1067 1631 1190 1695 nisi
1263 1631 1456 1715 pestis
1505 1632 1608 1695 sit.
1707 1629 1880 1708 Quae
1933 1633 2158 1696 umbra
2219 1634 2431 1716 aperte
2479 1653 2549 1697 ex
2614 1647 2619 1652 ·

311 1738 634 1803 rhetorum
701 1738 953 1803 officina
999 1737 1254 1822 prodiit,
1327 1757 1474 1801 nam
1524 1740 1693 1804 color
1740 1739 1804 1803 et
1852 1738 2197 1804 sententiae
2244 1738 2545 1804 orationis

309 1846 387 1909 ad
436 1845 499 1910 id
548 1846 847 1931 loquendi
917 1864 1114 1930 genus
1164 1847 1471 1928 spectant,
1529 1844 1697 1927 quod
1744 1844 2015 1927 ἠθοποιία
2062 1846 2336 1910 vocatur.
2430 1842 2545 1911 Ce-

309 1956 511 2019 terum
559 1955 808 2018 easdem
849 1952 1317 2037 compositionis
1383 1954 1592 2035 partes
1642 1952 1892 2017 exhibet
1921 1952 2312 2037 Agrippinae
2369 1972 2542 2037 spec-

305 2062 474 2123 trum
523 2079 678 2144 quas
733 2060 899 2143 apud
933 2060 1262 2143 prologum
1297 2059 1657 2124 enarrantes
1722 2059 1927 2124 larvas
1983 2059 2352 2142 reperimus,
2401 2079 2547 2131 nam

309 2166 474 2229 unde
521 2167 749 2247 veniat,
799 2166 954 2250 quid
1001 2166 1214 2246 faciat,
1286 2166 1439 2248 quid
1487 2166 1733 2230 factura
1794 2169 1865 2245 et¹
1903 2165 2053 2249 quid
2103 2165 2393 2230 futurum
2441 2168 2545 2245 sit,

307 2273 670 2337 mostellum
718 2273 1103 2356 pronuntiat.
1185 2271 1673 2355 Clytaemestrae
1704 2272 1931 2337 umbra
1961 2272 2129 2355 apud
2167 2265 2547 2356 Aeschylum

306 2380 518 2463 (Eum.
568 2399 625 2443 v.
677 2381 760 2443 94
809 2382 970 2463 sqq.)
1044 2378 1459 2465 Agrippinam
1534 2379 1988 2463 contemplanti
2043 2378 2204 2442 mihi
2250 2380 2317 2443 in
2366 2399 2543 2444 men-

309 2487 433 2550 tem
483 2485 673 2568 venit,
723 2506 870 2552 nam
917 2489 1182 2568 utraque
1230 2486 1402 2560 larva
1447 2486 1623 2551 velut
1656 2486 1846 2552 Furia
1888 2489 2183 2571 apparet-,-
2216 2489 2477 2569 utraque
2510 2507 2546 2551 a

309 2593 439 2657 filio
487 2595 708 2657 necata
752 2593 868 2674 est,
916 2596 1184 2675 utraque
1229 2592 1294 2656 in
1346 2594 1608 2658 Tartaro
1658 2592 1792 2658 sine
1841 2594 1971 2659 ulla
2019 2594 2224 2677 quiete
2260 2593 2544 2676 vagatur,

309 2698 766 2783 Clytaemestra
813 2720 847 2773 a
919 2700 1140 2765 ceteris
1189 2700 1429 2765 umbris
1464 2698 1772 2782 neglecta,
1826 2701 2177 2787 Agrippina
2224 2700 2438 2764 odiosa
2484 2703 2546 2765 et

306 2806 536 2889 impiae
584 2807 790 2871 caedis
861 2804 1106 2890 sem'per
1175 2826 1431 2872 memor.
1530 2807 1813 2871 Fortasse
1865 2809 2083 2890 poetae
2129 2808 2244 2871 hoc
2293 2806 2542 2891 Clytae-

303 2915 570 2978 mestrae
620 2912 1032 2978 simulacrum
1091 2915 1234 2977 ante
1282 2913 1491 2978 oculos
1541 2916 1855 2979 versatum
1904 2915 2016 2979 est.
2112 2912 2469 2979 Staehlinus
2494 2913 2543 2995 ¹)

305 3018 693 3104 Agrippinae
740 3021 803 3084 et
848 3020 1145 3101 Polydori
1191 3020 1446 3084 umbras
1496 3020 1661 3085 inter
1716 3040 1781 3085 se
1829 3020 2069 3085 similes
2120 3040 2253 3085 esse
2298 3022 2542 3103 statuit,
2623 3043 2627 3047 ’

305 3127 454 3210 quia
500 3128 766 3210 utroque
817 3129 947 3191 loco
975 3129 1115 3210 post
1146 3128 1405 3191 umbrae
1437 3128 1637 3210 ipsius
1681 3147 2006 3193 ascensum
2038 3145 2301 3209 persona
2350 3146 2541 3212 quae·

302 3234 443 3298 dam
517 3233 582 3297 in
633 3253 916 3299 scaenam
997 3233 1226 3317 prodit,
1305 3253 1462 3317 quae
1511 3236 1586 3299 de
1634 3234 1747 3299 illa
1794 3233 2031 3318 aliquid
2083 3238 2315 3314 narrat,
2374 3234 2541 3317 apud

301 3339 602 3406 Octaviae
651 3343 899 3423 poetam
947 3340 1700 3425 Poppaea-Agrippinam
1749 3341 1813 3405 in
1863 3341 2102 3405 somnio
2139 3340 2318 3422 vidit,
2368 3341 2537 3424 apud

304 3446 674 3530 Euripidem
752 3447 1012 3513 Hecuba
1057 3447 1459 3530 Polydorum.
1557 3447 1642 3511 At
1710 3447 2069 3513 Staehlinus
2118 3448 2251 3531 ipse
2296 3449 2542 3531 praeter

301 3536 417 3618 hoc
464 3554 816 3637 exemplum
866 3552 1382 3637 Clytaemestram
1455 3554 1879 3619 Eumenidum
1952 3554 2184 3631 affert3
2256 3557 2393 3619 tum
2450 3552 2540 3619 ita

297 3659 535 3744 pergit:
587 3660 702 3725 Ein
754 3662 1034 3725 weiterer
1087 3662 1206 3725 mit
1263 3661 1371 3724 der
1418 3658 1753 3742 „Hecabe”
1787 3661 2122 3744 paralleler
2154 3660 2289 3745 Zug
2336 3661 2422 3724 ist
2452 3681 2539 3743 es,
2583 3676 2588 3681 ·

299 3788 472 3833 wenn
546 3768 648 3831 die
718 3769 806 3831 im
853 3768 1084 3831 Traum
1137 3766 1582 3831 erscheinende
1630 3768 1862 3832 Person
1926 3768 2085 3832 noch
2132 3768 2314 3833 keine
2359 3766 2539 3832 Ruhe

299 3875 548 3957 erlangt
640 3875 771 3938 und
864 3876 1086 3938 darum
1179 3874 1338 3938 noch
1430 3875 1611 3939 keiue
1713 3875 1891 3939 Ruhe
1982 3872 2297 3959 gefunden
2409 3875 2534 3939 hat.

479 4068 522 4135 ¹)
560 4067 698 4123 Vide
747 4068 890 4122 infra
927 4086 978 4137 p.
1017 4070 1114 4135 513
1172 4068 1240 4123 cf.
1279 4068 1566 4138 Ettigium‚
1627 4069 1664 4125 l.
1702 4069 1737 4123 l.
1778 4086 1828 4139 p.
1872 4070 2027 4136 369‚3
2086 4070 2181 4140 qui
2240 4071 2356 4125 illos
2396 4087 2442 4138 q.
2482 4071 2534 4123 d.

301 4157 480 4213 τόπους
535 4158 754 4228 colleyit,
801 4158 887 4211 ubi
922 4154 1152 4211 manium
1189 4172 1307 4212 cum
1341 4159 1470 4211 vivis
1505 4159 1646 4212 ratio
1683 4160 1941 4213 eoecolfflcr
2001 4188 2059 4197 -
2088 4152 2101 4161 ’
2126 4158 2273 4214 Iulia
2308 4157 2535 4226 (Lucan.

296 4246 379 4300 111
443 4246 476 4299 8
515 4248 656 4317 sqq.)
721 4245 924 4301 similia
983 4246 1246 4316 loquitur.
1347 4246 1500 4300 Hanc
1559 4246 1733 4317 igitur
1797 4249 2127 4301 senteutiam
2195 4247 2535 4319 Agrippinae

301 4338 515 4405 poetam
539 4350 604 4388 ex
640 4333 860 4389 Lucano
897 4334 1148 4389 hausisse
1185 4333 1478 4389 verisimile
1516 4339 1617 4391 est.

473 4421 516 4489 ⁸)
557 4423 616 4479 L.
655 4421 691 4476 1.
731 4440 782 4493 p.
828 4424 945 4491 167,
985 4424 1032 4477 2.
