3242 5059
1242 414 1687 519 -33÷

342 616 482 680 tum
574 614 773 678 habeo
841 612 1184 677 Homerum
1276 610 1394 675 hoc
1483 610 1617 676 loco
1710 612 2025 676 auctorem
2117 609 2311 699 fuisse
2400 607 2591 677 huius

341 722 698 787 sententiae
781 720 1198 803 Vergilianae,
1294 721 1502 801 tamen
1597 718 1765 783 haud
1860 719 1987 783 scio
2080 736 2157 782 an
2206 719 2433 807 poeta
2520 718 2589 783 in

349 827 700 911 elocutione
768 826 973 911 magis
1022 826 1433 911 Apollonium
1479 827 1730 893 secutus
1779 826 1883 906 sit,
1941 826 2107 910 apud
2134 844 2343 917 quem
2387 825 2590 910 Argo-‚-

350 936 579 1001 nautae
627 934 995 1000 Sthenelum
1044 933 1420 1017 aspicientes
1468 932 1623 998 item
1670 934 2141 1016 obstupescunt.
2234 932 2321 997 Ut
2369 934 2587 998 Patro-

343 1043 486 1107 clus
556 1047 704 1107 ante
770 1040 1145 1106 Acherontis
1216 1041 1426 1123 portas
1486 1058 1551 1105 se
1599 1040 1809 1105 volare
1856 1040 2129 1122 nuntiat,
2198 1039 2289 1103 ita
2338 1038 2591 1115 Creusa,

343 1149 457 1217 ubi
507 1150 805 1231 versetur,
855 1150 1084 1215 narrat.
1138 1147 1378 1213 Aeneas
1424 1147 1631 1241 multa
1678 1147 1881 1213 dicere
1928 1148 1991 1211 et
2034 1166 2289 1229 uxorem
2336 1166 2589 1230 evanes5

345 1258 592 1321 centem
639 1257 936 1339 amplecti
985 1256 1143 1337 vult,
1193 1256 1358 1337 quod
1407 1254 1617 1331 simile
1642 1256 1759 1319 cst
1805 1254 2075 1319 Achillis
2127 1242 2329 1319 verbis
2401 1252 2488 1336 (Ψ
2532 1274 2591 1319 V.

341 1365 428 1427 97
479 1366 668 1447 sqq.),
716 1364 947 1445 quibus
996 1362 1324 1427 Patroclus
1371 1365 1446 1427 ut
1492 1363 1745 1427 maneat
1790 1363 1854 1427 et
1898 1381 2111 1427 secum
2172 1362 2585 1445 colloquatur,

345 1472 662 1537 admonet.
767 1470 1007 1535 Aeneas
1078 1469 1193 1534 hoc
1273 1488 1520 1553 quoque
1596 1469 1731 1533 loco
1809 1468 2145 1535 lacrimans
2218 1460 2597 1537 describitur
2684 1472 2695 1483 ⁸

354 1578 480 1662 (vv.
533 1580 659 1643 784
708 1579 770 1642 et
820 1579 1010 1658 790);
1081 1577 1272 1641 etiam
1342 1578 1602 1641 umbrae
1650 1576 2116 1660 amplectendae
2185 1576 2598 1659 cupiditatem

346 1684 730 1766 invenimuS,
780 1685 853 1749 ut
898 1684 1062 1767 apud
1099 1683 1442 1748 Homerum
1487 1686 1547 1763 (λ
1593 1684 1722 1747 204
1770 1686 1912 1767 sq.),
1960 1683 2303 1763 ubimater
2350 1683 2597 1747 Ulixem

281 1784 287 1788 ’
343 1794 445 1856 ter
490 1791 784 1875 amplecti
859 1792 1185 1855 conantem
1234 1792 1330 1854 ter
1377 1788 1623 1873 effugit,
1686 1808 1872 1871 quam
1935 1790 2049 1854 hoc
2086 1790 2220 1855 loco
2268 1792 2449 1875 poeta
2498 1808 2597 1853 ex.-

345 1897 572 1984 primit
618 1898 718 1963 his
766 1896 1054 1962 versibus
1101 1898 1256 1979 (792
1305 1901 1458 1979 sq.):

438 2015 529 2068 ter
571 2015 825 2069 conatus
869 2003 961 2067 ihi
1004 2004 1156 2069 collo
1200 2004 1350 2067 dare
1395 2003 1685 2067 bracchia
1730 2005 1985 2085 circum,

440 2122 557 2174 ter
598 2111 842 2195 frustra
887 2130 1322 2194 comprensa
1366 2131 1635 2173 manus
1680 2109 1973 2195 effuqit
2018 2112 2286 2195 imayo,

437 2239 576 2295 par
621 2216 902 2281 levibus
946 2219 1183 2279 ventis
1225 2217 1667 2301 volucrique
1711 2217 2115 2281 simillima
2158 2237 2419 2286 somno,

533 2324 740 2389 Huius
819 2342 1066 2407 quoque
1138 2322 1352 2388 ultimi
1423 2341 1640 2389 versus
1708 2323 2085 2388 sententiam
2135 2323 2454 2484 Vergilius
2502 2343 2601 2406 ex

349 2432 623 2496 Homero
670 2431 904 2511 hausit,
955 2450 1097 2494 nam
1147 2429 1317 2513 apud
1365 2430 1531 2494 hunc
1577 2428 1851 2511 legimus
1908 2432 1967 2517 (λ
2013 2449 2070 2496 v.
2105 2431 2287 2512 207):

440 2538 600 2622 τρὶς
644 2536 708 2600 δέ
740 2560 834 2621 μοι
880 2536 954 2600 ἐκ
999 2542 1260 2620 χειρῶν
1305 2541 1476 2621 σκιῇ
1522 2534 1789 2601 εἴκελον
1834 2535 1873 2619 ἢ
1930 2538 2049 2600 καὶ
2096 2536 2346 2623 ὀνείρῳ

440 2642 696 2709 ἔπτατ’.

548 2752 790 2817 Aeneas
837 2752 917 2816 ad
963 2750 1294 2816 Thraciam
1343 2752 1646 2835 appulsus
1694 2752 2022 2837 prodigiiS,
2070 2771 2148 2817 ne
2193 2752 2411 2816 urbem
2461 2771 2607 2840 con-

356 2858 488 2938 dat,
561 2858 929 2941 impeditum
1003 2878 1146 2922 nam
1229 2857 1577 2937 virgultum
1638 2878 1709 2923 ex
1768 2859 2015 2925 tumulo
2084 2858 2415 2924 evulsurus
2485 2834 2607 2937 (111
2690 2929 2700 2941 ,

356 2966 518 3028 372
491 2969 656 3049 sqq.)
701 2966 1106 3049 perturbatur
1151 2983 1296 3029 voce
1344 2965 1665 3049 Polydori,
1713 2965 1825 3048 qui
1872 2965 1963 3029 ibi
2010 2964 2299 3031 conditus
2358 2966 2475 3046 est,
2532 2984 2603 3029 ex

356 3072 486 3137 imo
533 3071 778 3136 tumulo
827 3073 1078 3149 audita3
1146 3071 1221 3152 is,
1269 3074 1343 3136 ut
1387 3073 1635 3155 sepulto
1700 3074 1917 3155 parcat
1985 3074 2048 3136 et
2091 3072 2318 3156 fugiat,
2374 3074 2607 3136 monet.

359 3178 656 3263 Polydori
703 3180 905 3265 fatum
974 3180 1158 3262 poeta
1221 3178 1507 3263 explicat.
1603 3178 1737 3243 Hoc
1782 3179 1989 3244 omine
2059 3179 2317 3245 territus
2369 3180 2607 3245 Aeneas

360 3287 540 3369 patre
585 3285 1091 3368 proceribusque,
1164 3283 1315 3368 quid
1388 3285 1641 3366 faceret,
1712 3286 2019 3372 consultis
2087 3286 2253 3351 terra
2320 3285 2609 3351 excedere

361 3392 714 3473 constituit,
783 3410 986 3474 neque
1062 3392 1272 3455 tamen
1320 3391 1495 3476 prius
1544 3411 1735 3477 quam
1782 3391 2078 3477 Polydori
2136 3393 2459 3458 tumulum
2506 3410 2609 3457 ex-

370 3496 619 3578 struxit,
698 3497 1096 3579 sacrificavit‚
1173 3497 1458 3585 libavit..
1491 3577 1498 3585 ‚
1537 3499 1711 3586 ,Apte
1778 3498 2121 3563 introduxit
2194 3500 2378 3583 poeta
2445 3500 2609 3564 hanc

370 3621 678 3683 scaenam,
749 3623 894 3669 nam
942 3604 1256 3687 legentem
1305 3604 1615 3669 sententia
1661 3604 1915 3689 eloquar
1957 3627 2041 3668 an
2086 3604 2303 3669 sileam
2380 3609 2460 3685 (v.
2502 3604 2613 3685 39)

369 3709 669 3793 cupidum
718 3710 1019 3775 audiendi
1066 3712 1254 3794 atque
1321 3709 1578 3774 avidum
1648 3710 1821 3790 facit,
1909 3685 2073 3794 quod
2150 3711 2274 3775 iam
2356 3710 2607 3776 Servius

373 3816 758 3883 observavit.
819 3816 1210 3900 parenthesis
1289 3815 1496 3899 inquit
1571 3816 1657 3878 ad
1728 3817 2102 3880 miraculum
2173 3818 2380 3901 posita
2456 3838 2614 3901 quae

369 3923 868 4008 maqnitudinem
929 3925 1198 3987 monstri
1261 3923 1522 3987 ostendit
1589 3934 1645 3986 et
1712 3923 1856 3988 bene
1915 3924 2262 3988 auditorem
2308 3934 2609 3987 attentum

370 4030 500 4094 vult
542 4029 763 4113 facere.
885 4029 1055 4095 Haec
1131 4029 1424 4113 Polydori
1495 4006 1566 4095 ex
1633 4030 1881 4109 tumulo
1957 4030 2206 4096 reddita
2284 4048 2398 4095 vox
2467 4050 2611 4106 cum

363 4138 578 4201 monet
649 4155 727 4201 ne
805 4134 898 4201 ibi
954 4136 1172 4200 urbem
1229 4135 1503 4201 condant
1547 4136 1805 4201 Troiani
1861 4136 2001 4201 tum
2068 4136 2338 4202 maxime
2418 4137 2615 4203 efficit

367 4243 442 4307 ut
488 4244 564 4322 is,
614 4243 724 4325 qui
757 4242 917 4326 legit
947 4260 1178 4327 magna
1211 4240 1645 4306 misericordia
1682 4241 1997 4307 afficiatur
2028 4246 2613 4327 commoveaturque

370 4348 621 4413 nfelicis
669 4349 860 4413 etiam
907 4346 972 4411 in
1023 4350 1223 4412 morte
1282 4346 1535 4412 lacerati
1608 4346 1907 4430 Polydori
1924 4346 1992 4430 ¹),
2065 4350 2229 4433 quod
2278 4330 2612 4414 consilium

552 4486 594 4556 ¹)
633 4486 715 4542 Of.
755 4486 1066 4553 Heinzium,
1104 4487 1140 4541 l.
1179 4489 1214 4549 1,
1254 4506 1306 4557 p.
1353 4488 1450 4542 103
1488 4505 1602 4559 sqq.
