3242 5059
1596 450 1704 469 ...-
1783 414 1886 525 :32
1955 448 2058 469 --....

899 615 1031 681 Hae
1076 636 1173 681 res
1222 620 1652 700 comparantes
1703 617 1955 682 Homeri
2007 618 2271 702 vestigia
2316 618 2613 683 Nonnum
2664 618 2970 700 pressisse

721 724 1028 790 videmus.

902 884 1213 968 HymnuS,
1245 888 1454 970 pastor
1480 887 1760 972 quidam,
1795 889 1904 971 qui
1929 888 2226 953 Nicaeam
2256 889 2598 973 nympham
2627 889 2969 968 amaverat,

722 992 1089 1075 repudiatus
1138 993 1216 1057 ab
1266 1012 1337 1058 ea
1384 996 1641 1061 necatus
1692 1001 1804 1060 est.
1884 988 1992 1075 'Ea
2037 999 2248 1060 autem
2297 998 2498 1075 nocte,
2559 1015 2683 1079 qua
2733 993 2971 1059 Nicaea

722 1118 759 1162 a
813 1096 1051 1163 Baccho
1100 1090 1308 1166 amore
1355 1091 1606 1167 incenso
1643 1101 2082 1185 comprimitur
2130 1102 2302 1183 (XVI
2339 1104 2466 1167 202
2493 1106 2675 1185 sqq.),
2725 1101 2969 1184 Hymni

696 1206 1083 1287 =mostellnm
1130 1211 1391 1291 apparet
1438 1208 1619 1293 eique
1668 1208 2001 1294 opprobria
2048 1209 2198 1274 facit
2245 1228 2414 1274 nunc
2446 1210 2698 1293 Hymno
2744 1210 2972 1273 necato

696 1308 986 1377 'invitam
1018 1308 1173 1379 'eam
1221 1315 1354 1380 viro
1402 1316 1467 1379 in
1517 1335 1744 1381 manus
1794 1317 2155 1381 convenisse
2191 1312 2462 1381 dicens.-
2508 1315 2739 1381 Anima
2773 1313 2967 1381 lacri-

699 1437 905 1503 ‚mans
949 1422 1279 1507 evanescit
1323 1423 1483 1487 fumi
1556 1422 1790 1487 similis
1839 1427 1900 1487 et
1971 1423 2033 1486 in
2083 1422 2416 1489 Tartarum
2488 1422 2643 1487 abit.
2737 1421 2970 1486 Furiae

694 1521 953 1591 'similis
1002 1520 1117 1592 hoc
1165 1528 1298 1593 loco
1349 1529 1523 1593 larva
1594 1532 1855 1614 apparet
1914 1530 1975 1593 et
2023 1529 2080 1594 ei
2149 1549 2411 1614 poenam
2461 1530 2734 1595 dandam
2809 1546 2973 1608 esse,

693 1632 1063 1717 ‚qni'scelus
1089 1635 1492 1719 commiserit,
1521 1637 1930 1717 demonstrat,
1957 1639 2241 1720 utsupra
2268 1640 2352 1721 (p.
2373 1635 2673 1718 50).1ulia
2703 1637 2971 1716 (Lucan.

694 1726 905 1829 {1118
939 1744 1101 1827 sqq.)
1150 1745 1214 1806 et
1258 1761 1475 1807 manes
1523 1763 1635 1827 per
1682 1744 1810 1808 vim
1860 1744 2330 1826 interfectorum
2379 1744 2544 1824 (Val.
2587 1744 2820 1829 flacc.
2876 1742 2974 1805 IV

725 1850 852 1914 258
888 1868 1047 1933 sqq.,
1120 1850 1276 1916 Stat.
1346 1850 1541 1917 Theb.
1592 1852 1680 1915 XI
1753 1842 2072 1935 420'sqq„
2146 1850 2472 1917 Claudian.
2545 1852 2612 1915 in
2685 1849 2830 1913 Ruf.
2905 1849 2976 1915 11

726 1955 853 2021 234
889 1956 1078 2041 sqq.),
1131 1958 1403 2042 denique
1429 1957 1696 2041 legentis
1726 1947 2220 2023 misericordiam
2252 1961 2473 2023 movet.
2540 1957 2725 2022 Hunc
2750 1975 2977 2020 ascen-

728 2082 867 2127 sum
896 2063 1178 2129 'Nonnus
1226 2065 1470 2130 invenit
1516 2069 1577 2131 et
1625 2066 1945 2145 fabellam,
2005 2062 2168 2149 quae'
2212 2067 2275 2129 in
2313 2062 2898 2131 'Alexandrinorum
2918 2064 2977 2147 ¹)

725 2169 1077 2235 imitatione
1124 2172 1327 2254 posita
1374 2175 1489 2254 est,
1540 2173 1807 2237 ornavit.
1903 2172 2196 2239 Ceterum
2255 2175 2408 2238 haec
2454 2173 2628 2238 larva
2701 2171 2977 2235 usitatas

726 2295 1021 2342 ascensus
1067 2282 1276 2361 partes
1328 2278 1576 2344 exhibet
1623 2280 2087 2364 nonnullaeque
2136 2279 2480 2345 locutiones
2551 2298 2622 2343 ex
2697 2277 2978 2342 Homero

726 2385 1061 2455 fluxerunt.
1112 2386 1428 2471 Exempli
1477 2406 1664 2453 causa
1712 2387 1902 2453 affero
1948 2407 2164 2453 versus
2215 2388 2342 2453 302
2372 2406 2541 2470 sqq.:

938 2548 988 2608 ὣ
1008 2569 1036 2614 ς
1082 2571 1124 2631 φ
1146 2570 1183 2609 α
1205 2573 1247 2632 μ
1264 2546 1295 2610 έ
1313 2571 1341 2609 ν
1364 2572 1401 2632 η
1451 2546 1691 2611 σκιόεντι
1737 2549 2063 2616 πανείκελος
2087 2547 2136 2629 ⁸)
2183 2544 2387 2611 ἔσσυτο
2434 2546 2636 2630 καπνῷ

937 2654 983 2737 ψ
1002 2676 1035 2715 υ
1054 2654 1155 2738 χὴ
1202 2653 1555 2737 δακρυόεσσα
1581 2655 1632 2735 ³)
1675 2656 2058 2741 ποθοβλήτοιο
2105 2658 2339 2738 νομῆος,

941 2758 1417 2845 Ταρταρίἠν
1464 2761 1796 2848 δ’ἀκίχητοᾲ
1841 2762 2195 2826 ἐδύσατο
2243 2762 2507 2824 πάνδο
2534 2782 2668 2822 κον
2704 2759 2917 2843 ἀὐλή
2945 2782 2976 2820 ν

725 2921 834 3003 qui
884 2920 1125 2987 similes
1174 2924 1323 2987 sunt
1368 2923 1653 2987 versibus
1703 2926 1761 3002 (λ
1818 2926 1938 2987 150
1973 2926 2120 3006 sq.):

861 3141 883 3151 ..
940 3083 1031 3169 ὣς
1077 3081 1602 3170 φαμένηῑψυχὴ
1651 3084 1782 3167 μὲν
1829 3082 1958 3171 ἔβη
2005 3082 2224 3167 δόμον
2258 3079 2511 3151 Ἀιδος
2555 3077 2723 3145 εἴσω

942 3185 1240 3273 Τειρεσίαο
1289 3188 1562 3259 ἄνακτος..
1590 3240 1607 3255 .
1637 3240 1652 3255 .

913 3350 1099 3415 Icarii
1150 3351 1375 3434 imago,
1449 3349 1559 3434 qui
1608 3350 1688 3414 ab
1735 3350 1924 3416 ebriis
1981 3350 2338 3433 agrestibus
2385 3351 2646 3414 necatus
2693 3350 2756 3412 et
2802 3348 2978 3413 terra

734 3457 1027 3522 conditus
1076 3460 1227 3534 erat,
1300 3457 1607 3542 Erigonae
1655 3457 1825 3523 filiae
1895 3459 1960 3522 in
2011 3457 2252 3522 somnio
2301 3457 2571 3522 occurrit
2591 3456 2642 3537 ⁴)
2713 3453 2980 3535 (XLVII

737 3566 858 3630 148
893 3568 1081 3649 sqq.);
1159 3565 1630 3629 accuratissime
1699 3569 1882 3648 poeta
1941 3564 2128 3630 Icarii
2199 3564 2425 3629 faciem
2498 3562 2800 3627 describit
2868 3562 2977 3628 his

730 3671 1043 3737 versibus:

914 4030 956 4089 Ι)
994 4029 1069 4083 Ut
1106 4029 1409 4083 docuerunt
1428 4027 1638 4083 Kohler
1673 4028 1770 4095 (1.1
1809 4045 1861 4098 p.
1885 4030 1952 4082 74
1981 4029 2084 4099 aq.)
2112 4033 2168 4082 et
2187 4027 2247 4082 E.
2271 4027 2540 4084 Maassius
2561 4028 2768 4093 (Herm.
2788 4026 2976 4082 XXIV

733 4135 785 4188 p.
826 4117 930 4173 523
959 4119 1102 4189 sqq.)
1141 4126 1199 4172 et
1236 4116 1673 4172 Immerwahriua
1709 4117 1802 4185 (de
1839 4116 2102 4172 Atalanta
2138 4118 2318 4171 Berol.
2363 4116 2496 4171 1885
2536 4133 2586 4186 p.
2627 4116 2702 4182 8),
2743 4116 2836 4186 qni
2876 4114 2977 4170 Ni-

734 4223 919 4263 caeam
958 4225 993 4262 a
1030 4206 1221 4261 Nonno
1261 4212 1452 4275 aperte
1490 4205 1561 4260 ad
1597 4205 1890 4261 Atalantae
1927 4206 2233 4275 exemplum
2269 4205 2458 4260 fictam
2497 4221 2617 4260 esse
2655 4208 2864 4259 censet.

910 4294 959 4363 ⁸)
990 4291 1047 4347 -Ψ
1092 4296 1207 4349 100.

907 4384 955 4455 ⁸)
994 4383 1079 4440 cf.
1117 4400 1287 4454 supra
1322 4402 1377 4454 p.
1419 4384 1481 4437 31
1523 4390 1640 4438 not.
1687 4386 1708 4437 1
2321 4450 2326 4457 .

905 4475 953 4543 4)
991 4474 1131 4546 ψυχὴ
1169 4471 1460 4531 πανιίκελος
1498 4472 1668 4525 ἔσσυτο
1705 4469 1881 4545 καπνῷ
1919 4475 2006 4542 (=
2048 4471 2099 4525 Ψ
2148 4474 2284 4538 100)-
