3242 5059
1246 374 1685 457 ;--4'1.-·

673 600 782 653 aut
827 588 982 674 quid
1025 586 1304 651 cadentes
1349 587 1574 651 detinet
1619 586 1825 649 stellae
1863 584 2053 669 polo?

677 694 986 762 Phoebum
1029 714 1371 763 moramur.
1409 758 1412 761 ,
1466 693 1655 758 redde
1699 692 1830 756 idm
1875 692 2109 757 mundo
2158 693 2321 755 diem
2337 691 2403 774 ι).

535 804 741 868 Huius
789 802 997 868 larvae
1021 800 1074 884 ¹)
1123 802 1490 886 compositio
1540 802 1635 865 est
1682 800 1917 881 eadem,
1972 819 2129 886 quae
2161 799 2327 883 apud
2360 800 2596 865 ceteras

345 911 598 996 prologi
632 910 927 976 narrandi
976 892 1164 975 causa
1195 912 1568 992 apparentes
1616 908 1895 975 umbras,
1968 907 2261 997 Thyestis
2294 906 2593 972 orationis

343 1005 614 1084 initium
685 1015 954 1082 Achillis
1026 1017 1096 1082 in
1167 1016 1344 1082 Accii
1389 1014 1745 1081 Troadibus
1817 1011 2025 1081 simile
2080 1015 2203 1080 est:
2278 1032 2595 1097 compares

347 1112 584 1211 quaeso
633 1142 848 1190 versus
899 1123 1010 1208 qui
1057 1125 1208 1188 sunt
1255 1123 1422 1207 apud
1469 1122 1768 1189 Senecam
1816 1126 1899 1201 (v,
1955 1125 1980 1186 l
2024 1121 2190 1206 sqq.)

679 1232 946 1316 Opaca
991 1232 1353 1315 linquens
1399 1229 1610 1295 Ditis
1655 1230 1963 1313 inferni
2009 1228 2165 1312 loca

673 1340 939 1403 adsum
974 1338 1300 1423 profundo
1355 1336 1676 1416 Tartari
1720 1338 1977 1400 emissa-s
2020 1320 2202 1421 specu
2266 1424 2271 1429 ἡ

355 1449 424 1512 et
473 1447 639 1531 apud
688 1446 950 1511 Accium
999 1445 1146 1527 (inc.
1195 1445 1318 1511 inc.
1368 1444 1494 1510 fab.
1543 1444 1740 1537 frgm.
1783 1442 2144 1525 XXXVIII)
2224 1446 2229 1463 ²

443 1554 541 1617 ad
560 1575 720 1617 sum
766 1564 946 1639 atque
967 1554 1228 1619 advenio
1262 1552 1322 1615 A
1343 1550 1703 1615 cherunte
1746 1553 1853 1615 vix
1896 1552 1998 1613 via
2030 1550 2159 1614 alta
2190 1560 2362 1635 etque
2392 1547 2599 1613 ardua

433 1682 575 1745 per
617 1660 898 1745 spelun
917 1682 1046 1726 cae
1089 1660 1261 1725 saxis
1305 1662 1571 1723 structas
1617 1659 1859 1743 asperis
1900 1656 2303 1739 pendentibus

443 1769 772 1849 maxumi-s,
817 1766 928 1830 ubi
970 1768 1185 1852 riyida
1230 1776 1460 1829 constat
1504 1788 1772 1829 crassa
1814 1764 2077 1849 ealiyo
2124 1764 2502 1847 inferum.

535 1874 830 1960 Polydori
876 1877 1089 1939 tamen
1137 1873 1334 1939 oratio
1367 1892 1403 1939 a
1450 1872 1771 1938 similibus
1806 1871 2011 1937 verbis
2060 1869 2302 1936 orditur
2338 1855 2582 1955 (Eurip.

357 1984 512 2051 Hec.
564 2001 619 2048 ν.
670 1985 705 2047 1
743 1982 940 2066 sqq.):
1173 1968 1178 1973 ⁸

607 2086 791 2151 Ἥκω
837 2092 1109 2172 νεκρῶν
1155 2090 1532 2172 κευθμῶνα
1577 2089 1698 2152 καὶ
1742 2086 1998 2153 σκότου
2044 2085 2272 2154 πύλας

623 2198 855 2274 λιπών,
903 2194 972 2257 ἵν’
1008 2193 1226 2281 σΑιδης
1269 2198 1449 2281 χωρὶς
1495 2191 1731 2282 ᾤκισται
1776 2196 1952 2261 θεῶν.

544 2302 819 2387 Uterque
867 2305 1048 2387 poeta
1095 2304 1436 2384 Romanus,
1507 2304 1580 2368 ut
1626 2302 1752 2368 iam
1801 2303 2048 2386 saepius
2113 2300 2603 2381 observavimuS,

361 2411 532 2475 idem
577 2410 742 2493 γένος
787 2410 1091 2476 Graecum
1143 2410 1458 2500 sequitur3
1507 2412 1722 2495 itaque
1770 2407 1892 2476 uon
1943 2410 2169 2495 liquet,
2225 2410 2443 2475 utrum
2493 2406 2600 2473 Se-

369 2537 523 2590 neca
569 2516 685 2582 hoc
733 2518 867 2582 loco
918 2517 1094 2582 Accii
1141 2537 1216 2583 an
1275 2517 1599 2602 Euripidis
1648 2516 1921 2601 vestigia
1964 2500 2281 2602 presserit.
2347 2549 2351 2553 ·

345 2618 352 2625 ’
546 2622 806 2689 Tantali
838 2625 1066 2689 umbra
1115 2625 1395 2709 (Thyest.
1431 2644 1486 2694 v,
1527 2628 1556 2689 l
1597 2628 1760 2709 sqq.)
1808 2643 1935 2690 una
1983 2644 2126 2690 cum
2166 2624 2358 2689 Furia
2403 2623 2613 2708 prodit

362 2732 432 2796 in
503 2751 790 2797 scaenam
853 2733 914 2797 et
963 2731 1228 2815 quaerit,
1303 2732 1596 2816 quisnam
1668 2752 1733 2797 se
1780 2752 1851 2797 ex
1898 2731 2123 2798 inferis
2195 2731 2609 2813 arcessiverit,

363 2836 643 2922 Sisyphi,
712 2838 973 2920 IxioniS,
1044 2837 1214 2923 Tityi
1264 2857 1494 2922 poenas
1543 2857 1815 2923 suasque
1870 2857 2263 2905 enumerans.
2359 2839 2413 2903 A
2461 2836 2611 2903 Dite

360 2945 532 3029 petit
599 2949 673 3009 ut
719 2947 798 3011 ad
831 2944 976 3009 illas
1009 2963 1239 3030 poenas
1271 2946 1483 3027 addat,
1533 2965 1656 3029 quo
1690 2946 1929 3029 prolem
1963 2965 2144 3011 suam
2176 2945 2383 3029 magis
2418 2944 2609 3010 etiam

369 3055 566 3116 vexet.
661 3051 904 3117 Deinde
950 3052 1143 3117 Furia
1214 3052 1462 3117 hortata
1533 3055 1606 3117 ut
1673 3053 1982 3119 Tantalus
2032 3035 2281 3138 Pelopis
2354 3053 2611 3121 domum

368 3160 662 3224 omnibus
710 3158 1051 3225 sceleribus
1100 3160 1344 3242 obruat,
1401 3159 1649 3243 flagitia
1696 3178 2068 3226 enumerans
2115 3158 2368 3225 fabulae
2416 3140 2606 3243 argu·-

367 3268 648 3331 mentum
699 3267 755 3330 el
807 3266 1045 3331 exitum
1090 3266 1417 3351 praedicit.
1538 3266 1869 3349 TantaluS,
1939 3266 2050 3332 ubi
2121 3267 2279 3332 talia
2348 3265 2612 3348 audivit,

349 3372 584 3455 ‘fugere
618 3375 876 3438 conatus
903 3392 936 3437 a
966 3372 1152 3438 Furia
1178 3373 1507 3453 retinetur,
1543 3374 1931 3457 stimulatus,
1981 3373 2315 3458 impulsuS,
2364 3376 2615 3439 coactus

365 3480 648 3546 concedit
696 3480 966 3564 denique
1007 3482 1197 3571 atque
1248 3480 1418 3545 iussa
1452 3479 1846 3569 exsequitur3
1897 3482 2152 3546 domum
2184 3480 2400 3565 intrat,
2450 3502 2608 3565 quae

365 3586 694 3653 introitum
746 3587 880 3652 eius
929 3588 1206 3652 sentiens
1255 3586 1521 3651 nefando
1575 3589 1865 3653 contactu
1913 3588 2140 3653 horret.
2212 3589 2375 3655 Tum
2422 3590 2613 3655 Furia

368 3694 713 3759 Tantalum
761 3693 1017 3777 repellit
1063 3694 1128 3757 in
1177 3692 1431 3776 Orcum,
1482 3713 1628 3758 nam
1673 3695 1906 3759 terram
1954 3686 2111 3779 pede
2158 3694 2292 3760 eius
2340 3695 2612 3779 gravari,

317 3818 340 3839 ·
371 3801 574 3866 fontes
647 3819 768 3865 non
817 3801 1029 3882 fluere,
1103 3802 1352 3866 arbores
1399 3801 1739 3885 pallescere
1789 3804 1852 3866 et
1899 3802 2096 3884 sitire,
2169 3802 2386 3868 statim
2444 3803 2612 3869 diem

351 3909 746 3993 peritur-wm-
787 3910 1113 3991 atramque
1167 3910 1412 3973 noctem
1483 3909 1840 3975 secuturam
1910 3927 2061 3975 esse.
2145 3908 2269 3989 Qui
2317 3910 2607 3995 dialogus

551 4102 597 4174 ¹)
633 4102 838 4159 Eadem
864 4110 949 4160 est
973 4104 1248 4161 sententia
1277 4121 1418 4176 quae
1442 4105 1501 4163 in
1521 4104 1767 4177 Thyesta
1792 4115 1864 4173 (v.
1903 4090 2003 4163 120
2028 4107 2133 4180 sq.)
2152 4107 2299 4181 apud
2316 4107 2621 4177 Vergilium

360 4191 528 4261 (Aen.
565 4191 614 4249 V
652 4191 755 4246 789
811 4193 880 4249 cf.
919 4210 1083 4264 supr·
1138 4212 1194 4265 p.
1230 4194 1342 4263 86),
1399 4193 1641 4251 Statium
1694 4193 1888 4263 (Theb.
1956 4196 2014 4251 11
2060 4196 2197 4265 120),
2254 4195 2618 4252 Claudianum

359 4279 454 4351 (de
490 4280 651 4337 bello
691 4280 914 4338 Gildon.
954 4283 1098 4351 348);
1157 4283 1214 4337 in
1253 4281 1518 4340 Glauciae
1556 4286 1729 4355 patris
1768 4285 2083 4341 evocatione
2120 4284 2269 4357 apud
2309 4284 2386 4358 Lu
2398 4285 2615 4341 cinnum

361 4370 581 4442 (Philop
593 4387 639 4425 a.
675 4371 758 4439 14)
796 4388 986 4427 omnes
1023 4371 1207 4429 larvae
1231 4372 1551 4441 abscedunt,
1588 4390 1709 4429 cum
1748 4373 2018 4444 gallorum
2056 4382 2250 4431 cautus
2284 4374 2594 4432 audiantur.

542 4458 589 4527 ⁸)
627 4452 828 4517 Confer
863 4460 938 4545 id,
975 4461 1125 4543 quod
1163 4460 1478 4544 Staehlinus
1515 4462 1552 4519 1.
1589 4462 1627 4542 1.ἢ
1667 4481 1721 4542 p.
1756 4462 1873 4544 1531
1892 4464 1961 4544 de
1997 4464 2101 4545 hac
2138 4465 2290 4542 larva
2327 4463 2483 4521 dicit.
2555 4535 2561 4541 .
