3242 5059
22 3729 24 3753 -..
21 3622 28 3661 ἡ

1320 404 1581 492 -ὴρ
1676 464 1761 475 -

422 622 677 687 toritate
754 622 1025 707 quadam
1094 624 1259 689 inter
1324 624 1614 707 antiquos
1685 625 1897 707 poetas
1967 622 2174 707 epicos
2219 622 2506 703 utuntur,
2580 619 2656 700 Q.

421 728 833 813 Smyrnaeum
880 732 942 795 et
990 730 1303 812 Nonum,
1354 731 1707 796 animarum
1742 749 2034 795 ascensus
2066 729 2442 795 invenimus.

603 836 814 901 Primo
863 837 940 901 ad
974 836 1049 913 Q.
1096 838 1472 922 Smyrnaei
1520 837 1989 903 Posthomerica
2046 856 2156 902 nos
2205 840 2655 903 convertamus.

417 944 493 1008 In
571 946 791 1027 quarto
861 945 1101 1010 decimo
1177 945 1340 1011 libro
1418 948 1507 1025 (v.
1592 945 1716 1008 179
1777 947 1944 1030 sqq.)
2043 942 2450 1027 Neoptolemo
2547 962 2658 1027 per

420 1070 709 1115 somnum
765 1050 1033 1116 Achillis
1081 1053 1307 1117 umbra
1352 1054 1613 1135 apparet
1661 1054 1743 1131 et,
1814 1054 2140 1135 postquam
2199 1048 2334 1117 filio
2381 1061 2446 1117 so
2492 1042 2658 1114 inter

426 1157 574 1222 deos
608 1160 926 1241 receptum
978 1177 1110 1224 esse
1157 1159 1477 1224 nuntiavit
1524 1167 1585 1223 et
1639 1159 1976 1243 praecepit,
2026 1160 2097 1224 ut
2143 1171 2390 1243 semper
2434 1158 2656 1223 fortem

420 1284 487 1329 se
520 1265 861 1348 praeberet,
898 1265 1049 1330 viris
1078 1265 1427 1349 grandibus
1464 1268 1617 1331 natu
1649 1266 2106 1349 obtemperaret
2139 1264 2386 1350 aliaque
2433 1265 2656 1348 postu—

422 1372 518 1435 lat
565 1372 641 1435 de
689 1372 874 1437 rebus
924 1392 958 1438 a
1007 1391 1071 1436 se
1120 1372 1315 1456 gestis
1362 1391 1644 1453 monenS,
1694 1376 1766 1437 ut
1812 1372 1936 1437 sibi
1990 1372 2303 1457 Polyxena
2347 1374 2658 1437 mactetur

418 1478 840 1562 minaturque,
890 1478 1016 1543 nisi
1066 1478 1286 1544 Graeci
1336 1478 1458 1544 sibi
1492 1479 2080 1563 obtemperaverint,
2129 1498 2193 1545 se
2240 1498 2342 1544 eos
2383 1472 2653 1564 tempes-

417 1586 549 1649 tate
596 1588 963 1650 vexatarum
1011 1606 1161 1652 esse.
1236 1586 1423 1651 Fumi
1470 1586 1700 1651 similis
1735 1606 2105 1652 evanescens
2138 1586 2204 1653 in
2239 1586 2440 1669 Elysii
2485 1604 2655 1651 cam„-

414 1711 527 1775 pos
576 1694 728 1758 abit.
820 1692 1006 1758 Hunc
1040 1712 1368 1759 ascensum
1416 1692 1794 1777 Smyrnaeus
1852 1692 2164 1769 adhibuit,
2215 1694 2300 1757 ut.
2323 1694 2657 1778 praecepta

416 1801 480 1863 et
525 1799 790 1866 consilia
838 1799 1041 1877 daret;
1121 1819 1265 1864 nam
1314 1801 1591 1865 carmine
1662 1819 1776 1865 suo
1823 1800 1888 1866 id
1923 1802 2267 1885 spectabat,
2315 1801 2654 1866 utiuven·

410 1906 617 1970 tutem
664 1904 958 1971 educaret
1027 1909 1216 1990 atque
1285 1908 1664 1972 institueret.
1757 1906 1830 1971 In
1882 1907 2330 1991 compositione
2395 1908 2472 1972 ab
2520 1906 2650 1971 Ho-

405 2030 587 2077 mero
620 2012 809 2096 plane
839 2013 1098 2097 pendet3
1135 2014 1409 2096 primum
1457 2016 1619 2097 apud
1659 2016 1999 2097 utrumque
2047 2016 2316 2099 poetam,
2364 2030 2524 2097 quae
2571 2013 2656 2078 sit

414 2119 589 2183 larva
620 2120 911 2185 narratur
944 2120 1199 2202 eiusque
1234 2120 1422 2184 facies
1458 2120 1873 2200 describitur3
1925 2122 2089 2203 apud
2124 2119 2468 2185 Homerum
2503 2119 2654 2184 haec

414 2224 691 2309 legimus
740 2224 827 2306 (Ψ
874 2228 956 2292 65
1006 2227 1209 2311 sqq.):

504 2329 650 2415 ἦλθε
694 2330 845 2396 δ’ἐπὶ
888 2334 1053 2418 ψυχὴ
1104 2331 1644 2417 Πατροκλῆος
1687 2334 2013 2398 δειλοῖο

504 2437 722 2501 πάντ’
772 2440 988 2525 αὐτῷ
1038 2438 1409 2523 μέγεθός
1454 2464 1533 2503 τε
1578 2442 1712 2504 καὶ
1743 2438 2090 2525 ’ὄμματα
2146 2439 2321 2503 κάλ’
2372 2441 2653 2505 εἰκυῖα

408 2573 416 2579 ·⁴
503 2548 645 2609 καὶ
690 2548 988 2631 φωνήν,
1036 2549 1172 2611 καὶ
1218 2550 1409 2611 τοῖα
1456 2549 1642 2631 περὶ
1687 2546 1890 2633 χροῒ
1931 2546 2235 2633 εἵματα
2281 2546 2493 2612 ἕστο·
2564 2558 2569 2587 ·’

505 2656 649 2737 στῆ
697 2651 750 2716 δ’
779 2652 890 2737 ἄρ’
939 2654 1151 2738 ὑπὲρ
1201 2658 1570 2739 κεφαλῆς

409 2760 476 2823 et
522 2761 686 2843 apud
738 2760 1145 2844 Smyrnaeum
1197 2766 1275 2842 (v,
1332 2764 1454 2827 180
1503 2763 1716 2846 sqq.):

502 2866 573 2948 δὴ
619 2865 736 2928 τότ’
788 2864 1260 2951 Ἀχιλλῆος
1302 2869 1577 2952 κρατερὸν
1623 2874 1731 2953 κῆρ
1780 2868 2173 2933 ἰσοθέοῑο

504 2968 702 3056 ἔστη
748 2956 949 3057 ὑπὲρ
997 2966 1365 3059 ιἰεφαλῆς
1408 2974 1495 3038 οὔ
1570 2974 1835 3052 υἱέος,
1883 2975 2059 3045 οἷος
2105 2973 2248 3059 ἔην
2293 2986 2435 3060 πἐρ

503 3081 687 3149 ζωὸς
716 3080 869 3156 ἐών,
903 3080 986 3144 ὅτ
1010 3076 1381 3166 ε·Τρωσ“ιν
1413 3080 1611 3167 ἄχος
1656 3081 1866 3158 πέλε,
1898 3084 2179 3168 χάρμα
2225 3080 2647 3167 ὃἈχαιοῖς.

593 3188 1053 3271 Utroque-loco
1088 3188 1405 3269 similiter,
1457 3192 1766 3272 quomodo
1814 3194 2186 3255 evanescant
2209 3179 2494 3272 umbrae,
2543 3192 2644 3255 exa

406 3292 742 3376 primitur;
791 3294 957 3377 apud
1006 3295 1346 3361 Homerum
1398 3296 1701 3361 habemus
1749 3295 1836 3377 (Ψ
1873 3299 1998 3362 100
2031 3300 2192 3379 sq.):
2321 3316 2324 3325 ·
2627 3310 2632 3313 “

515 3400 751 3485 ..ψυχὴ
798 3401 863 3463 δὲ
909 3400 1055 3463 κατὰ
1100 3402 1316 3486 χθονὸς
1361 3400 1460 3484 ἠΰ
1486 3426 1569 3465 τε
1616 3426 1711 3465 κα
1735 3403 1874 3465 πνὸ
1900 3426 1928 3471 ς

497 3501 689 3591 ᾤχετο
736 3511 1047 3591 τετριγυῖα·
1138 3510 1338 3595 ταφὼν
1385 3507 1435 3571 δ’
1460 3508 1499 3571 ἀ
1523 3532 1551 3570 ν
1577 3508 1608 3571 6
1632 3532 1712 3598 ρο
1734 3533 1766 3571 υ
1791 3530 1821 3574 σ
1845 3532 1874 3573 ε
1895 3533 1923 3572 ν
1970 3508 2272 3595 Ἀχιλλεῦς
2319 3535 2334 3551 ·
2386 3532 2400 3547 ·

372 3616 475 3677 'et
515 3613 683 3696 ¹apud
736 3612 1144 3697 Smyrnaeum
1194 3619 1282 3697 (v,
1334 3616 1521 3699 223):

498 3719 578 3787 ὦς
623 3718 795 3782 εἰπὼν
842 3719 997 3783 ἀπό
1026 3741 1275 3804 ρουσε
1322 3720 1480 3805 θοῇ
1530 3714 2019 3806 ἐναλίγκιος
2063 3722 2290 3812 αὔρῃ.
2407 3748 2411 3753 ·

516 3876 521 3879 -
589 3827 779 3892 Poeta
826 3827 1128 3908 consult0,
1176 3831 1249 3892 ut
1294 3832 1407 3912 ego
1454 3828 1761 3909 existimo,
1811 3850 1920 3914 pro
1984 3831 2299 3897 locutione
2343 3831 2650 3916 ἀνόρουσεν

400 3933 619 4025 posuit
652 3932 961 4016 ἀπόρουσε.
1014 3933 1458 4018 Neoptolemus
1486 3936 1958 4020 expergiscitur,
1985 3938 2053 4003 id
2079 3939 2244 4021 quod
2271 3937 2647 4035 Smyrnaeus

402 4034 708 4122 exprimit
754 4040 855 4105 his
907 4040 1235 4105 versibus.

869 4146 1077 4211 ..ὁδ’
1127 4170 1435 4211 οπποτε
1484 4172 1623 4231 μιν
1669 4149 1919 4213 λιπεν
1966 4174 2288 4239 υπνος,,
2453 4220 2462 4230 ‚

398 4328 435 4334 ..
496 4254 749 4337 μνήσατο
794 4254 1005 4338 πατρὸς
1048 4254 1185 4317 ἑοῖο·
1247 4252 1441 4323 νόος
1485 4254 1702 4335 δέοὶ
1747 4256 1904 4338 ἠὺς
1951 4244 2224 4342 ἰάνθη.
2355 4246 2362 4250 ’
2443 4310 2459 4321 ι

585 4360 743 4423 Item
783 4360 1116 4444 Penelopa,
1166 4362 1269 4426 cui
1294 4361 1543 4427 Athena
1573 4343 1888 4446 Ipthimae
1923 4346 2346 4431 simulacrum
2369 4368 2645 4451 miser-at,

405 4467 563 4551 post
611 4465 747 4531 eius
796 4467 1155 4532 abscessum
1204 4467 1654 4551 expergiscitur
1704 4469 1761 4553 (ὃ
1809 4469 1996 4553 839);
2043 4471 2196 4541 baec
2241 4470 2557 4559 leg-imus:
