3242 5059
1613 367 2053 435 ...42-...

711 548 854 631 apte
902 548 964 612 et
1009 547 1331 631 ingeniose
1400 566 1436 613 a
1482 549 1661 631 poeta
1740 548 1925 613 fictus
1999 566 2158 613 nova
2216 547 2457 613 ratione
2506 547 2950 632 expositionem

711 656 773 719 et
805 655 1056 719 fabulae
1134 654 1366 719 exitum
1445 654 1716 720 conectit
1784 656 1848 719 et
1916 656 2143 721 umbra
2177 644 2181 646 “
2214 655 2349 739 ipsa
2397 657 2594 720 totam
2643 654 2950 721 actionem

711 762 965 845 profert.
1062 760 1238 839 Quod
1288 760 1517 826 attinet
1583 763 1662 826 ad
1711 780 1910 846 genus
1961 760 2209 826 dicendi
2258 764 2320 827 et
2368 762 2555 826 huius
2608 762 2672 826 et
2718 763 2948 827 cetero-

707 886 850 933 rum
908 868 1088 952 apud‘
1123 868 1420 934 Senecam
1495 868 1919 952 prologorum,
1998 868 2311 951 optimum
2357 868 2607 934 videtur
2652 868 2878 934 Leonis
2904 868 2948 950 ¹)

707 976 843 1059 ipsa
889 976 1078 1040 verba
1109 960 1358 1043 afferre:
1420 974 1578 1057 „Die
1611 974 2069 1059 euripideische
2100 976 2660 1059 Erzahlungsform
2709 975 2795 1040 ist
2840 994 2948 1041 aus

707 1083 921 1147 diesen
967 1082 1275 1167 Prologen
1326 1082 1524 1165 vollig
1572 1084 1898 1163 verbannt,
1948 1101 2108 1147 zwar
2158 1082 2397 1147 werden
2450 1081 2551 1147 die
2600 1081 2945 1165 ὑποκείμενα

708 1189 1067 1273 mitgeteilt,
1145 1190 1293 1253 aber
1360 1188 1674 1254 durchaus
1740 1188 1830 1254 im
1878 1189 2108 1268 Affekt,
2194 1208 2259 1254 so
2309 1189 2451 1253 dass
2501 1189 2591 1253 sie
2639 1190 2949 1254 entweder

707 1313 829 1360 nur
874 1296 938 1360 in
970 1295 1433 1380 Andeutungen
1467 1295 1615 1360 oder
1645 1297 1710 1360 in
1742 1295 2169 1381 pathetischer
2201 1295 2621 1379 Schilderung
2668 1295 2947 1379 (Agam.)

708 1402 1248 1483 herauskommen,
1321 1402 1808 1487 Vorgeschichte
1853 1402 1979 1470 und
2028 1400 2563 1487 Gegenwartiges,
2630 1403 2791 1468 auch
2841 1403 2947 1467 (133

711 1509 1102 1574 Kommende
1173 1508 1238 1572 in
1313 1509 1582 1575 dunkler
1630 1508 2078 1592 Einkleidung.
2154 1546 2235 1557 -—
2307 1509 2428 1573 Mit
2478 1508 2651 1591 Wut,
2722 1510 2947 1595 Angst,

708 1614 1163 1699 Verzweiflung
1210 1614 1522 1699 beginnen
1571 1615 1741 1679 diese
1787 1614 2164 1699 Tragodien,
2211 1616 2271 1680 (1.
2306 1614 2367 1677 h.
2420 1614 2579 1679 doch
2626 1614 2788 1679 wohl
2841 1616 2959 1681 mit

711 1721 880 1787 einer
951 1721 1073 1786 viel
1125 1719 1550 1786 deutlicheren
1600 1720 2027 1805 Motivierung
2086 1720 2193 1785 des
2242 1720 2811 1804 Selbstgesprachs,
2864 1724 2954 1786 als

708 1816 812 1893 die
885 1827 1406 1911 euripideischen,
1481 1827 1579 1893 bei
1652 1827 1982 1912 Euripides
2050 1831 2207 1893 setzt
2278 1828 2378 1893 die
2438 1827 2789 1914 Handlung
2858 1830 2957 1894 nie

709 1934 870 2001 ohne
918 1933 1296 2019 Steigerung
1343 1935 1464 2016 ein,
1515 1936 1678 1999 auch
1724 1954 1901 1999 wenn
1952 1936 2043 2001 sie
2066 1937 2221 2001 leise
2271 1936 2527 2017 anhebt,
2578 1936 2681 2001 bei
2714 1935 2953 2003 Seneka

705 2042 846 2127 gibt
893 2060 956 2107 33
1027 2040 1405 2126 Steigerung
1452 2062 1573 2107 nur
1620 2042 1687 2106 in
1736 2043 2153 2126 potenzierter
2204 2042 2423 2106 Wut“.
2522 2044 2593 2107 In
2642 2043 2758 2108 hoc
2806 2064 2956 2128 quo-

711 2168 832 2233 que
880 2149 1138 2232 prologo
1184 2149 1330 2214 illas
1363 2149 1631 2214 usitatas
1671 2151 2034 2231 sententiaS,
2085 2168 2246 2234 quae
2293 2150 2381 2213 sit
2410 2149 2636 2214 umbra
2668 2152 2957 2233 undeque

710 2255 942 2336 veniat,
1005 2255 1394 2333 invenimu83
1467 2255 1710 2320 utiam
1782 2258 1948 2339 apud
2020 2256 2226 2340 epicos
2298 2256 2661 2331 mostellum
2730 2257 2960 2321 tellure

712 2363 900 2445 rupta
969 2363 1272 2440 ascendit,
1334 2363 1425 2427 ita
1471 2362 1775 2427 Tantalus
1845 2363 1978 2445 ipse
2038 2366 2121 2443 (v.
2188 2362 2269 2427 87
2312 2367 2476 2447 sq.):
2545 2416 2557 2429 .
2613 2415 2627 2430 .
2684 2366 2961 2447 „mittor

709 2466 990 2556 [inquit],
1040 2480 1110 2533 ut
1155 2469 1336 2532 dirus
1379 2490 1574 2553 vapor
1619 2469 1831 2532 tellure
1874 2480 2085 2551 rupta.

888 2574 1121 2641 Seneca
1170 2576 1438 2639 libenter
1486 2576 1561 2639 de
1590 2576 1829 2641 'inferis
1861 2576 2121 2660 loquens
2156 2575 2432 2659 Sisyphi,
2480 2575 2737 2657 IxioniS,
2786 2576 2956 2641 Tan-

710 2681 850 2766 tali,
909 2682 1084 2766 Tityi
1152 2701 1381 2766 poenas
1403 2680 1459 2767 ¹)
1537 2680 1948 2766 enumerat³).
2048 2683 2237 2747 Porro
2307 2683 2475 2764 quod
2556 2703 2627 2747 ex
2700 2682 2957 2749 deorum

711 2789 948 2874 mythis
1015 2788 1320 2853 traditum
1400 2791 1515 2870 est,
1590 2786 1975 2853 tran'slatum
2053 2788 2157 2852 hic
2226 2788 2305 2853 ad
2356 2796 2601 2872 spectra
2666 2789 2955 2855 videmus

710 2896 953 2962 umbris
1021 2896 1467 2979 apparentibus
1539 2898 1833 2960 naturam
1920 2896 2150 2961 moveri
2224 2914 2296 2960 ac
2364 2895 2570 2959 lucem
2650 2896 2962 2974 retardari

707 3008 828 3088 (vv.
891 3004 1008 3068 106
1060 3007 1224 3086 sqq.)
1317 3002 1450 3067 Hae
1496 3000 1750 3066 Tantali
1798 3002 1861 3066 et
1906 3002 2133 3067 Furiae
2196 3002 2363 3066 vices
2427 3002 2719 3086 loquendi
2771 3022 2957 3087 pecu-

708 3111 886 3176 liaris
936 3110 1183 3193 generis
1257 3111 1406 3173 sunt
1476 3129 1677 3194 neque
1749 3108 2088 3192 quicquam
2162 3108 2310 3172 huic
2356 3110 2617 3173 umbrae
2666 3110 2955 3175 ascensui

706 3216 916 3281 simile
988 3216 1153 3299 apud
1230 3214 1436 3280 ullum
1512 3218 1759 3300 poetam
1828 3216 2168 3295 invenitur,
2230 3215 2352 3279 nisi
2412 3215 2550 3279 Laii
2622 3234 2951 3281 ascensum

711 3324 879 3409 apud
928 3323 1203 3388 Statium
1268 3323 1491 3403 (Theb.
1541 3324 1604 3387 ΙΙ
1669 3324 1705 3385 ‘a'
1757 3325 1917 3406 sqq.)
1969 3322 2314 3405 comparari
2364 3341 2543 3405 posse
2589 3326 2795 3405 putaS,
2845 3324 2959 3407 qui

709 3426 923 3495 differt
969 3430 1045 3493 ab
1095 3430 1206 3493 illo
1253 3429 1610 3494 remissiore
1660 3432 1884 3513 genere
1934 3428 2204 3505 dicendi.

889 3536 1006 3601 His
1041 3535 1349 3601 mostellis
1384 3535 1629 3619 prologi
1677 3534 1974 3599 narrandi
2007 3553 2194 3599 causa
2238 3535 2681 3618 apparentibus
2730 3536 2955 3600 adiun-

714 3640 991 3725 gendum
1061 3645 1157 3707 est
1203 3641 1592 3727 Agrippinae
1651 3640 2148 3729 simulacrum4),
2209 3643 2372 3724 quod
2438 3643 2497 3705 in
2549 3640 2808 3706 Octavia
2860 3642 2957 3706 in-

713 3752 931 3851 —¹)
969 3784 1030 3837 L.
1068 3784 1105 3837 1.
1143 3802 1197 3854 p.
1236 3784 1300 3838 91
1325 3801 1391 3854 sq
1762 3842 1765 3847 ,

882 3872 928 3941 ⁸)
967 3873 1118 3939 Quae
1171 3872 1279 3926 iam
1338 3872 1485 3945 apud
1524 3872 1822 3928 Homerum
1878 3876 2370 3928 commemorantur
2405 3874 2459 3940 (λ
2496 3873 2601 3927 582
2640 3873 2822 3947 sqq.);
2891 3872 2959 3929 de

709 3961 908 4031 quibus
965 3961 1090 4015 vide
1149 3960 1452 4015 Prellerum
1514 3959 1733 4016 Griech.
1771 3960 1944 4030 Myth.
1983 3960 2054 4027 1⁸,
2103 3960 2207 4015 675
2241 3977 2359 4031 sqq.
2434 3961 2641 4016 Seneca
2694 3963 2859 4016 etiam
2906 3963 2961 4016 in

707 4048 1210 4121 Apocolocynthosi
1247 4048 1396 4118 XIV,
1451 4049 1544 4104 nbi
1603 4048 1877 4119 quomodo
1918 4048 2180 4104 Claudius
2217 4050 2500 4120 puniatur,
2538 4049 2826 4121 disputant
2864 4052 2944 4105 in-

713 4138 835 4205 feri,
871 4138 1113 4205 Tantali,
1151 4138 1388 4209 Situ-phi,
1427 4138 1632 4192 Ixionis
1670 4154 1873 4209 poenas
1913 4145 2315 4193 commemorat.

887 4226 932 4295 ⁸)
975 4226 1055 4293 De
1093 4227 1328 4281 Senecae
1383 4228 1596 4281 ratione
1654 4228 1764 4282 ista
1824 4226 2069 4297 exempla
2109 4227 2462 4283 enumerandi
2521 4227 2645 4281 vido
2683 4226 2952 4297 Ettiginm

703 4317 739 4373 l·
775 4315 812 4371 l·
853 4316 1243 4472 p2)31}2}0‡0m
1281 4421 1316 4458 a
1341 4404 1535 4460 matris
1560 4404 1754 4457 umbra
1779 4408 2033 4458 vexatum
2062 4420 2180 4459 esse
2210 4403 2506 4459 Suetonius
2535 4418 2754 4485 quoque
2780 4405 2951 4459 tradit

708 4494 855 4565 (Ner.
896 4494 1020 4563 84):
1059 4511 1213 4567 saepe
1251 4495 1516 4564 consessus
1553 4492 1767 4562 [Nero]
1800 4495 2063 4565 exayitari
2098 4512 2151 4548 se
2186 4502 2431 4547 materna
2468 4495 2637 4565 specie
2675 4532 2686 4546 .
2734 4536 2743 4546 .
