3242 5059
1569 382 2059 471 -6-’

657 622 727 668 ex
775 606 808 665 λ
853 604 1013 686 (204
1041 602 1206 686 sqq.)
1282 602 1520 685 sumpti
1595 603 1761 680 sunt,
1840 620 1963 684 quo
2032 601 2174 664 loco·
2212 599 2423 664 Ulixes
2496 617 2636 663 cum
2693 600 2895 661 matre

657 710 947 775 Anticlea
1017 708 1328 791 loquitur3
1398 712 1731 791 postquam
1802 709 2023 786 mater,
2104 726 2261 790 quae
2338 707 2496 770 scire
2572 704 2895 788 cupiverat

653 818 846 892 filius,
918 815 1199 880 narravit
1267 818 1330 880 et
1399 817 1474 880 de
1545 817 1748 879 morte
1798 832 1908 878 sua
1956 812 2156 895 dixit,
2227 812 2443 878 Ulixes
2515 812 2613 876 his
2687 811 2892 877 verbis

654 924 999 988 commotus
1070 941 1206 987 eam
1253 924 1350 987 ter
1395 922 1693 1005 amplecti
1730 921 1885 1003 vult,
1936 922 2042 985 sed
2092 923 2187 985 ter
2235 920 2494 985 umbrae
2541 918 2641 983 vel
2689 918 2896 982 somni

655 1030 886 1095 similis
943 1029 1169 1113 effugit
1237 1030 1446 1111 imago
1518 1031 1600 1109 (v,
1652 1031 1781 1093 ‘204
1808 1031 1994 1112 sqq),
2066 1028 2237 1093 filius
2309 1028 2519 1091 autem
2591 1025 2751 1109 petit
2823 1026 2896 1090 ut

630 1139 926 1219 maneat,
972 1136 1072 1201 his
1122 1136 1402 1201 versibus
1452 1139 1537 1217 (v.
1589 1137 1709 1199 211
1752 1138 1909 1218 sq.):

923 1276 1075 1363 ὄφρα
1121 1280 1214 1341 καὶ
1261 1278 1337 1339 εἰν
1385 1276 1588 1341 Ἀίδαο
1637 1278 1815 1363 φίλας
1859 1277 2014 1359 περὶ
2059 1279 2255 1359 χεῖρε
2302 1273 2598 1361 βαλόντε

921 1384 1291 1470 ἀμφοτέρω
1339 1370 1677 1469 κρυεροῖο
1726 1382 2298 1467 τεταρπώμεσθα
2342 1380 2568 1467 γόοιο.

767 1592 772 1595 .
831 1490 1116 1593 'Achilles
1163 1531 1396 1609 tamen,
1436 1531 1771 1612 postquam
1806 1528 2132 1593 Patroclus
2181 1527 2429 1591 locutus
2462 1528 2575 1606 est,
2627 1526 2893 1609 quaerit,

657 1656 766 1701 cur
798 1635 1054 1701 venerit
1102 1662 1182 1683 ——
1222 1636 1408 1719 quod,
1462 1638 1529 1700 ut
1577 1637 1759 1699 modo
1808 1636 1955 1716 dixi,
2007 1652 2538 1717 supervacaneum
2586 1636 2683 1697 est
2722 1670 2796 1679 --
2836 1635 2896 1695 et

657 1746 794 1808 orat
841 1748 909 1807 ut
956 1743 1210 1807 accedat
1257 1742 1356 1807 his
1404 1744 1610 1807 verbis
1660 1742 1747 1823 (Ψ
1795 1763 1851 1807 v.
1902 1745 1983 1807 97
2035 1746 2185 1825 sq.):
2926 1745 2931 1749 “

863 1886 1010 1948 ἀλλά
1056 1909 1152 1968 μοι
1197 1884 1367 1949 ἆσσον
1413 1886 1599 1969 στῆθι·
1650 1884 1889 1967 μίνυνθά
1934 1907 2063 1968 περ
2110 1881 2599 1969 ἀμφιβαλόντε

863 1994 1216 2077 ἀλλήλους
1261 1993 1496 2057 ὀλοοῖο
1543 1992 2122 2076 τεταρπώμεσθα
2167 1988 2385 2073 γόοιο.

838 2135 1063 2201 Matris
1111 2136 1322 2201 autem
1371 2136 1580 2203 anima
1630 2135 1791 2200 fumi
1847 2135 2076 2201 similis
2126 2153 2324 2218 aeque
2386 2136 2573 2217 atque
2623 2131 2896 2197 Patrocli

655 2245 882 2309 umbra
951 2242 1037 2324 (Ψ
1082 2263 1141 2307 v,
1201 2244 1352 2326 100)
1400 2242 1735 2307 evanescit.
1794 2278 1872 2289 —
1928 2243 2045 2306 His
2096 2243 2281 2305 rebus
2330 2240 2677 2325 explanatis
2729 2259 2895 2304 nunc

656 2350 837 2415 nobis
885 2351 1192 2431 accurate,
1265 2350 1496 2434 quibus
1567 2370 1638 2414 ex
1685 2349 1973 2434 partibus
2046 2350 2283 2433 species
2345 2348 2482 2432 ipsa
2554 2347 2899 2431 composita

657 2456 760 2533 sit,
811 2456 1244 2521 disserendum
1293 2458 1407 2536 est,
1456 2459 1527 2521 ut
1554 2476 1859 2540 quasnam
1907 2458 2115 2540 partes
2139 2456 2241 2519 vel
2288 2455 2635 2540 particulas
2661 2454 2893 2539 posteri

656 2567 872 2647 poetae
921 2564 1264 2628 Homerum
1337 2564 1657 2627 imitantes
1728 2562 2156 2644 adhibuerint,
2228 2580 2695 2645 cognoscamus,
2806 2562 2897 2625 Ac

656 2670 933 2753 primum
961 2670 1215 2753 quidem
1241 2688 1280 2733 n
1301 2671 1512 2735 octis
1541 2670 2183 2753 descriptionem
2209 2669 2511 2734 habemus
2540 2672 2621 2749 (v.
2652 2670 2734 2733 62
2754 2670 2896 2751 sq.)=

751 2810 883 2878 εὖτε.
927 2814 1021 2875 τὸν
1069 2810 1435 2900 [Achillem]
1496 2812 1664 2881 ὕπνος
1733 2810 1996 2897 ἔμαρπτε
2050 2812 2204 2874 λύων
2254 2813 2622 2897 μελεδήματα
2692 2813 2903 2895 θυμοῦ,

755 2922 1005 3006 νήδυμος
1051 2919 1419 3004 ἀμφιχυθείς.

836 3062 1148 3127 Deinde
1195 3062 1470 3127 Patrocli
1518 3062 1734 3127 miseri
1783 3062 2129 3127 animam
2190 3062 2584 3126 advenire
2654 3060 2901 3144 simpli-

659 3171 813 3235 citer
861 3168 1159 3234 dictum
1205 3172 1318 3233 est
1367 3167 1540 3252 (ἦλθε
1587 3166 1737 3232 δ’ἐπὶ
1780 3170 1989 3253 ψυχή),
2039 3171 2199 3233 tum
2248 3168 2540 3250 spectri
2588 3169 2899 3247 facies¹)

659 3277 1130 3361 depingitur,
1179 3277 1374 3357 larva,
1420 3280 1494 3341 ut
1523 3279 1656 3340 erat
1682 3276 1823 3339 viva
1842 3275 1917 3359 ²),
1952 3279 2211 3360 apparet
2243 3278 2305 3340 et
2337 3276 2611 3358 corporis
2648 3276 2889 3358 magni-

658 3386 810 3448 tudo
859 3386 920 3449 et
969 3383 1153 3476 oculi·
1183 3386 1244 3447 et
1290 3402 1406 3447 vox
1454 3385 1515 3447 et
1562 3384 1935 3448 vestimenta
1983 3382 2417 3465 exprimuntur
2461 3380 2563 3446 his
2611 3381 2894 3447 versibus
2938 3390 2942 3394 ’

657 3493 742 3572 (v.
795 3492 878 3555 66
906 3493 1053 3575 sq.):

959 3630 1117 3695 πάντ’
1171 3632 1330 3717 αὐτῷ
1379 3632 1621 3715 μέγεθός
1667 3656 1729 3694 τε
1775 3633 1869 3695 καὶ
1915 3629 2149 3715 ὄμματα
2196 3629 2315 3695 κάλ’
2372 3632 2554 3695 ἐικυῖα

953 3740 1056 3827 ,καὶ
1100 3740 1318 3825 φωνήν,
1365 3740 1460 3803 καὶ
1504 3741 1636 3802 τοῖα
1680 3740 1805 3823 περὶ
1849 3738 1987 3823 χροῒ
2029 3738 2235 3822 εἵματα
2282 3738 2436 3805 ἕστο.

849 3935 890 4004 ¹)
927 3935 994 3990 In
1067 3937 1214 3991 omni
1286 3935 1401 3991 fere
1493 3937 1734 3991 manium
1818 3951 2047 3990 ascensu
2120 3936 2334 4003 figurae
2419 3935 2717 4005 descriptio
2791 3940 2891 3998 est,

660 4041 835 4096 quam
898 4024 1044 4095 apud
1098 4024 1332 4080 Iudaeos
1388 4040 1605 4095 quoque
1664 4024 1954 4089 habemua;
2019 4040 2146 4078 nam
2203 4022 2400 4079 Saulus
2464 4023 2896 4079 Palaestinorum

667 4114 908 4169 exercitu
937 4114 1416 4184 appropinquante
1453 4114 1779 4184 perterritus
1806 4112 2113 4169 Samuelem
2150 4113 2355 4169 excitat
2379 4129 2479 4183 per
2504 4130 2693 4182 sagam
2720 4113 2885 4181 (Sam.

657 4204 684 4255 I
729 4204 834 4271 28),
895 4220 1038 4275 quae
1077 4203 1195 4273 regi
1232 4203 1469 4273 roganti,
1529 4202 1792 4273 quidnam
1828 4201 2031 4268 videat,
2088 4218 2146 4255 ae
2184 4218 2367 4257 senem
2406 4202 2595 4256 sericis
2632 4202 2894 4257 vestitum

653 4294 906 4364 aspicere
943 4292 1254 4365 respondet.

842 4382 887 4451 ²)
926 4382 1008 4437 De
1045 4382 1272 4435 umbrae
1309 4388 1371 4435 ut
1427 4382 1580 4435 vivae
1619 4382 1759 4435 facio
1817 4381 1931 4450 egit
1968 4380 2385 4444 Radermacher,
2449 4380 2595 4447 „Dan
2649 4380 2897 4435 Jenseits

653 4474 728 4527 im
781 4471 1016 4542 Mythes
1053 4471 1150 4526 der
1188 4470 1482 4524 Hellenen“
1526 4470 1679 4525 Bonn
1726 4469 1857 4524 1903
1894 4488 1949 4541 p.
1986 4471 2021 4525 5
2048 4486 2167 4541 sqq.
