3242 5059
1260 408 1720 475 -91-.

355 624 582 669 nonem
638 606 702 684 (λ
728 602 855 667 387
884 602 1072 687 sqq.),
1122 601 1457 680 Achillem,
1504 601 1780 682 Aiacem,
1831 602 2164 668 Herculem
2212 604 2272 683 (λ
2303 604 2428 666 467
2458 621 2590 685 sqq.

357 734 423 761 =
461 712 757 792 Paulum,
806 711 1213 788 Flaminium,
1266 709 1641 790 Gracchum,
1700 709 2057 787 Servilium,
2109 710 2400 790 Brutum,
2473 708 2594 774 Ca-

355 820 633 895 millum,
685 817 945 883 Curium
995 816 1134 901 [Sil.
1185 815 1343 880 XIII
1393 819 1517 881 705
1554 816 1744 901 sqq.]‚
1794 817 2216 881 Hamilcarem
2265 812 2404 901 [Sil.
2439 816 2614 899 XIII

356 929 486 992 732
514 946 581 973 ==
609 927 861 989 Aiacem
903 926 938 986 λ
985 922 1189 1010 543]),
1267 922 1640 1006 Apollonius
1673 923 1955 990 Rhodius
1989 922 2359 989 Sthenelum
2407 924 2592 1008 (Arg.

356 1036 419 1100 11
491 1036 607 1097 911
657 1052 793 1116 sqq.
830 1052 893 1077 =
929 1031 1070 1096 Val.
1143 1031 1344 1095 Flacc.
1418 1030 1472 1094 V
1544 1030 1628 1095 82
1663 1033 1849 1115 sqq.),
1938 1030 2180 1095 Ennius
2251 1031 2594 1095 Homerum

354 1142 591 1222 (annal.
643 1140 673 1204 Ι
742 1140 931 1222 frgm.
984 1142 1025 1203 4
1064 1138 1249 1223 sqq.),
1329 1138 1620 1203 Lucanus
1697 1138 1754 1218 (Ι
1803 1138 1933 1203 580
1966 1142 2129 1222 sqq.)
2209 1136 2453 1205 Sullam
2531 1140 2596 1204 et

356 1248 653 1326 Marium,
704 1246 998 1311 Crassum
1047 1245 1225 1327 (VIII
1274 1246 1394 1311 431
1436 1248 1624 1329 sqq.),
1683 1244 1878 1309 Silius
1927 1245 2272 1310 Aemilium
2319 1246 2594 1312 Paulum

352 1354 479 1437 (XI
526 1356 653 1419 436
727 1357 788 1417 et
860 1351 983 1417 XII
1032 1352 1159 1416 234
1194 1355 1375 1434 sqq.),
1446 1350 1688 1416 Statius
1737 1352 2191 1435 Amphiaraum
2262 1352 2484 1433 (Theb.
2534 1353 2594 1417 X

355 1462 487 1526 202
522 1463 706 1543 sqq.),
756 1456 1141 1524 Claudianus
1190 1458 1499 1523 Romanos
1550 1460 1792 1525 nobiles
1843 1461 1904 1523 et
1951 1460 2150 1524 claros
2197 1459 2589 1543 (in‘Eutrop.

352 1568 385 1632 Ι
438 1569 555 1631 451
600 1571 793 1650 sqq.);
844 1566 1192 1647 Aeschylus
1220 1564 1738 1649 Clytaemestram
1770 1566 2128 1645 (Eumenid.
2177 1585 2234 1630 v.
2287 1566 2370 1634 94
2403 1572 2591 1652 sqq.),

358 1674 655 1739 Cratinus
684 1673 972 1753 Solonem
1000 1673 1090 1751 (iu
1122 1671 1545 1754 Chironibus)‚
1595 1674 1853 1757 Eupolis
1881 1676 2171 1755 eundem,
2227 1670 2586 1765 Miltiadem

360 1781 731 1859 Aristidem,
780 1780 1091 1845 Periclem
1136 1780 1227 1859 (in
1278 1779 1541 1862 Demis);
1589 1781 1883 1863 pluribus
1931 1781 2085 1846 locis
2135 1775 2472 1864 Achillem,
2520 1785 2594 1847 ut

354 1890 673 1973 Polyxena
705 1886 831 1951 sibi
863 1886 1193 1966 mactetur,
1242 1888 1599 1968 poscentem
1635 1886 2022 1968 invenimus3
2073 1906 2262 1972 quam
2295 1888 2591 1973 speciem,

354 2014 515 2079 quae
562 1994 688 2059 iam
736 1994 801 2057 in
851 1993 1065 2057 Nostis
1114 1992 1374 2072 exstitit,
1445 1992 1692 2076 saepius
1743 1995 2159 2077 posteriorum
2231 1996 2586 2078 temporum

356 2103 693 2186 scriptores
744 2100 1169 2165 adhibuerunt
1216 2099 1289 2163 ut
1336 2098 1670 2182 Sophocles
1730 2100 1792 2163 in
1845 2100 2182 2185 Polyxena,
2257 2102 2589 2187 Euripides

354 2211 422 2274 in
472 2210 731 2274 Hecuba
799 2210 881 2287 (v,
935 2208 1016 2269 37
1052 2226 1188 2289 sqq.
1240 2208 1303 2269 et
1366 2207 1486 2271 109
1522 2210 1730 2292 sqq.),·
1779 2207 2009 2272 Accius
2080 2208 2146 2271 in
2216 2208 2593 2291 Troadibus,

354 2317 589 2381 Seneca
658 2315 723 2379 in
794 2314 1143 2377 Troadibus
1225 2314 1299 2397 (v,
1391 2314 1507 2378 168
1542 2314 1736 2397 sqq.),
1815 2314 1886 2394 Q.
1962 2312 2341 2398 Smyrnaeus
2419 2314 2593 2397 (XIV

361 2425 486 2487 179
515 2426 699 2507 sqq.),
796 2420 961 2484 Huic
995 2419 1348 2483 illustrium
1397 2420 1724 2485 homiuum
1774 2421 1988 2505 generi
2023 2422 2396 2487 adnectendi
2444 2426 2594 2488 sunt

360 2532 579 2595 heroes
642 2532 704 2595 et
774 2528 1056 2591 heroides
1128 2530 1188 2591 et
1258 2528 1327 2607 ii,
1401 2546 1555 2610 quos
1629 2528 1690 2591 in
1763 2530 1798 2589 λ
1867 2530 1993 2593 225
2029 2548 2164 2613 sqq.
2236 2532 2299 2595 et
2360 2530 2426 2594 in
2475 2529 2590 2595 Sil.

355 2638 513 2704 XIII
563 2638 691 2702 808
727 2654 862 2719 sqq.
940 2635 1261 2712 habemus,
1342 2642 1403 2697 et
1471 2634 1777 2699 Hercules
1847 2635 2012 2716 (Seu.
2087 2635 2270 2702 Herc.
2345 2636 2482 2703 Oct.
2535 2658 2590 2703 v.

358 2747 528 2811 1940
562 2747 745 2827 sqq).

533 2904 881 2970 Simulacra
959 2904 1059 2967 vel
1138 2902 1197 2965 vi
1268 2902 1367 2967 vel
1446 2900 1692 2968 crudeli
1770 2906 1971 2969 morte
2049 2905 2589 2989 interemptorum,

351 3032 509 3096 quae
560 3010 1053 3093 conspiciuntur,
1124 3028 1247 3074 uno
1296 3028 1521 3091 genere
1570 3011 1965 3094 complector.
2060 3011 2382 3077 Habemus
2439 3013 2590 3080 haec

352 3119 665 3201 exempla:
770 3116 1287 3199 Clytaemestram
1366 3116 1684 3200 (Aeschyl.
1767 3116 2027 3183 Eumen.
2110 3140 2165 3183 v.
2248 3122 2332 3183 94
2399 3122 2588 3204 sqq.),

351 3226 595 3290 hostem
675 3225 752 3287 ab
822 3222 1067 3305 hospite
1146 3222 1597 3305 interemptum
1675 3225 1926 3305 (Planta
1981 3225 2254 3290 Most-cll.
2330 3247 2385 3291 v.
2456 3227 2590 3291 490

352 3336 539 3416 sqq.),
603 3348 817 3424 man-es
866 3330 929 3393 in
980 3348 1195 3413 pugna
1238 3328 1712 3395 interfectorum
1758 3332 2022 3415 (Lucan.
2071 3331 2192 3396 VII
2242 3334 2368 3397 769
2403 3337 2589 3418 sqq.),

354 3440 655 3513 Phrixum
706 3436 872 3517 (Val.
922 3435 1124 3500 Flacc.
1176 3436 1229 3499 V
1279 3438 1402 3501 231
1444 3440 1630 3520 sqq.),
1711 3439 1954 3503 animas
2026 3458 2258 3520 eorum,
2331 3442 2437 3523 qui
2509 3443 2585 3505 ad

350 3546 643 3610 Trebiam
720 3543 1082 3606 ceciderunt
1150 3541 1288 3620 (Sil.
1341 3543 1394 3606 V
1465 3546 1585 3607 127
1623 3548 1808 3628 sqq.),
1880 3544 2210 3610 Gallorum
2277 3546 2587 3630 imagines

348 3652 529 3732 (VIII
579 3651 732 3730 642)
808 3648 1211 3729 Flaminium,
1293 3649 1667 3731 Gracchum,
1749 3651 2037 3729 Paulum,
2119 3652 2429 3718 Romanos
2507 3655 2587 3719 ad

349 3760 558 3823 lacum
608 3757 1111 3820 Trasumennum
1162 3757 1222 3819 et
1268 3756 1346 3819 ad
1396 3756 1642 3821 Cannas
1691 3758 1923 3823 occisos
1981 3758 2187 3838 (XVII
2242 3763 2363 3826 159
2399 3765 2584 3846 sqq.),

348 3883 565 3928 manes
616 3860 893 3945 Ogygios
970 3860 1153 3943 (Stat.
1202 3862 1399 3927 Theb.
1448 3862 1531 3926 Xl
1598 3866 1734 3928 420
1763 3869 1949 3948 sqq.),
2023 3873 2382 3932 necatorum
2453 3870 2588 3935 visa

348 3968 601 4053 (Claud,
649 3970 711 4032 in
763 3968 907 4041 Ruf.
944 3967 1003 4030 11
1053 3970 1183 4032 324
1221 3974 1403 4051 sqq.),
1453 3969 2032 4051 Hymnum(Nonn.
2067 3972 2214 4038 XVI
2242 3975 2369 4039 292
2397 3975 2582 4060 sqq.),

529 4129 816 4212 Denique
888 4146 989 4190 eas
1071 4127 1272 4191 larvas
1345 4147 1503 4212 quae
1573 4130 1640 4192 in
1711 4134 2066 4215 apparendo
2137 4136 2587 4201 commutatam

345 4236 620 4321 figuram
653 4234 948 4311 induunt,
1016 4252 1329 4314 enumero,
1396 4237 1469 4299 ut
1492 4235 1718 4300 Laium
1746 4236 1936 4321 (Stat.
1969 4238 2166 4307 Theb.
2192 4241 2363 4307 1195
2393 4244 2584 4329 sqq.),

346 4344 458 4426 qui
508 4341 847 4406 adveniens
895 4338 1176 4403 Tiresiae
1224 4340 1455 4405 similis
1505 4345 1619 4422 est,
1694 4345 2034 4411 abscedens
2105 4366 2171 4415 se
2242 4350 2444 4433 aperit
2498 4357 2583 4432 (v.

354 4449 479 4513 120
512 4452 692 4532 sqq.),
