3242 5059
1271 348 1713 457 -3‘7-

550 587 760 652 Venus
833 590 1074 651 Aeneae
1123 588 1439 671 regionem
1513 608 1658 653 cum
1734 590 1972 653 Achata
2030 589 2380 673 exploranti
2436 591 2618 655 obvia

369 693 638 758 Didonis
710 713 974 779 regnum
1045 715 1117 762 ac
1188 696 1317 763 fata
1363 696 1660 782 explicat3
1731 696 2043 763 Didonem
2114 697 2429 782 quondam
2477 717 2620 763 cum

370 799 639 886 >coniuge
709 801 983 885 Sychaeo
1052 802 1206 886 Tyri
1274 802 1501 869 vixisse
1574 804 1637 867 et
1696 803 1843 868 inde
1895 804 2137 887 fugisse
2181 804 2408 870 marito
2456 803 2620 871 clam

375 928 413 973 a
464 908 658 975 fratre
703 909 1036 992 trucidate,
1107 910 1288 977 cuius
1336 896 1667 975 inhumata
1713 908 1923 994 imago
1956 910 2191 975 Didoni
2246 910 2312 975 in
2361 910 2621 977 somniis

253 1048 258 1054 ·
375 1035 708 1082 occurrens
757 1016 978 1083 domus
1021 1018 1226 1083 scelus
1259 1018 1593 1083 detexisset
1648 1020 1710 1083 et
1756 1036 1901 1101 opes
1932 1017 2285 1101 recludens,
2334 1020 2406 1083 ut
2436 1018 2619 1102 fuge-

370 1124 488 1205 ret,
545 1124 848 1192 suasisset
915 1124 1101 1209 (Aen.
1155 1124 1182 1189 1
1253 1124 1381 1190 353
1431 1127 1615 1209 sqq.)‚
1737 1123 1857 1189 Hic
1926 1142 2219 1191 ascensus
2288 1124 2613 1209 putandus

371 1231 470 1295 est
513 1231 580 1295 in
628 1250 854 1315 genere
902 1250 1137 1315 eorum,
1189 1231 1296 1317 qui
1345 1250 1476 1296 rem
1526 1232 1711 1297 antea
1756 1232 1987 1296 tactam
2034 1230 2261 1302 nesciis
2307 1230 2619 1317 aperiunt.

374 1337 558 1402 Haud
607 1337 737 1403 scio
783 1357 861 1404 an
913 1339 1194 1421 umbrae,
1237 1357 1403 1422 quae
1447 1338 1695 1424 prologi
1742 1357 1931 1403 causa
1976 1338 2042 1403 in
2090 1337 2433 1423 tragoediis
2477 1358 2621 1423 pro-

227 1502 233 1505 .
373 1445 571 1511 deunt
639 1448 703 1510 et
747 1446 1218 1529 expositionem,
1292 1446 1359 1511 id
1407 1447 1503 1511 est
1547 1466 1667 1527 rea,
1737 1464 1900 1529 >quae
1946 1446 2131 1511 antea
2190 1446 2403 1530 gestae
2450 1449 2619 1530 suut,

373 1554 690 1635 enarrant,
785 1554 1099 1638 exemplar
1190 1552 1587 1638 praebuerim
1687 1553 1878 1618 huius
1970 1570 2263 1619 ascensus
2354 1552 2617 1621 rationis

374 1660 542 1742 apud
589 1662 802 1743 poetas
851 1659 1078 1744 epicoS,
1125 1660 1497 1744 praesertim
1543 1680 1688 1725 cum
1736 1659 1887 1725 illae
1933 1660 2193 1724 umbrae
2238 1678 2423 1743 saepe
2469 1678 2609 1726 cae-

378 1766 520 1831 dem
569 1768 732 1833 clam
791 1768 1025 1833 factam
1072 1769 1388 1861 detegant,
1470 1769 1543 1833 ut
1597 1768 1889 1851 Polydori
1950 1766 2040 1848 (in
2100 1765 2421 1851 Euripidis
2467 1761 2621 1833 Hec.

377 1895 432 1940 v.
512 1878 536 1939 l
591 1879 778 1960 sqq.)‚
849 1874 1257 1959 Cresphontis
1335 1875 1433 1961 (in
1503 1875 1767 1939 Pacuvii
1822 1873 2002 1939 Ilion.
2066 1855 2251 1957 frgm.
2304 1876 2390 1957 4),
2469 1873 2620 1940 Dei-

375 1981 540 2066 phili
600 1983 692 2065 (in
742 1982 1066 2066 Euripidis
1116 1981 1560 2066 Cresphonte);
1632 1982 1794 2046 hanc
1839 1981 2143 2046 rationem
2190 1982 2407 2064 postea
2451 1982 2622 2066 apud

375 2087 649 2155 Statium
697 2090 916 2172 (Theb.
973 2091 1023 2155 V
1072 2092 1226 2173 312)
1267 2093 1336 2155 et
1382 2090 1681 2155 Nonnum
1749 2088 2035 2171 (Dionys.
2087 2087 2141 2151 V
2187 2090 2316 2153 412
2345 2107 2486 2173 sqq.
2558 2090 2620 2154 et

375 2195 609 2261 XLVII
659 2199 786 2263 148
835 2198 1008 2283 sqq.)
1076 2196 1454 2263 invenimus.
1553 2196 1711 2261 Inde
1766 2195 2026 2279 apparet
2055 2193 2412 2279 Vergilium
2456 2193 2623 2261 hanc

375 2303 682 2369 rationem
741 2304 909 2371 necis
979 2324 1091 2389 per
1136 2306 1428 2370 necatum
1493 2303 1560 2368 in
1609 2302 1871 2367 somniis
1920 2300 2295 2385 aperiendae
2350 2320 2473 2368 non
2521 2284 2629 2386 ip?

379 2428 521 2475 sum
566 2409 842 2494 finxisse,
889 2412 996 2477 sed
1027 2411 1347 2496 Euripidis
1368 2408 1761 2496 Polydorum
1796 2409 1970 2491 (Hec.
2022 2428 2077 2474 v,
2140 2410 2361 2494 lsqq.)
2406 2408 2621 2475 imita-

375 2519 511 2581 tum
561 2537 694 2583 esse
714 2517 784 2602 ι).
878 2520 1210 2585 Praeterea
1283 2518 1687 2584 inhumatum
1736 2517 2103 2581 Patroclum
2172 2514 2342 2600 apud
2387 2514 2623 2581 Home-

378 2644 516 2689 rum
593 2627 738 2691 ante
807 2627 1018 2692 oculos
1090 2624 1316 2691 habuit
1362 2623 1707 2709 Vergilius,
1778 2643 1921 2690 cum
1981 2624 2336 2687 accuratam
2381 2622 2623 2707 figurae

379 2731 860 2817 descriptionem
909 2734 1216 2815 exhibeat,
1264 2751 1412 2797 nam
1461 2731 1776 2817 Sychaeus

1117 2890 1132 2905 .
1162 2890 1177 2906 .
1205 2861 1377 2907 ,ora
1419 2838 1676 2903 modis
1709 2836 2025 2922 pallida
2069 2836 2284 2901 mio-is

590 2948 859 3013 crudelis
905 2970 1051 3012 aras
1096 2950 1465 3033 traiectaque
1498 2957 1751 3032 pectora
1794 2944 1967 3029 ferm
2010 2944 2290 3011 nudavit.
2384 3017 2389 3023 ,

555 3055 942 3141 Depingitur
987 3055 1188 3139 igitur
1260 3056 1575 3138 spectrum
1652 3050 1963 3137 pallidum
2018 3052 2205 3135 atque
2251 3050 2623 3119 transfixum

376 3162 674 3229 similiter
699 3165 884 3247 atque
908 3163 1221 3228 Homerus
1254 3161 1421 3247 apud
1457 3160 1730 3226 Ennium
1754 3159 1945 3239 (Anu.
1973 3158 2005 3222 I
2028 3158 2217 3242 frgm.
2249 3158 2342 3241 4).
2393 3156 2623 3226 Versus

379 3273 506 3356 ipsi
552 3269 625 3336 e'x
669 3269 962 3337 Lucretio
1010 3270 1067 3352 (I
1139 3270 1292 3351 123)
1360 3267 1657 3333 translati
1728 3268 1897 3348 sunt,
1970 3266 2080 3349 qui
2129 3265 2206 3329 de
2252 3263 2480 3331 animis
2527 3264 2622 3330 lo-

381 3399 577 3463 quens
625 3378 788 3443 hanc
833 3375 1213 3443 sententiam
1258 3376 1531 3459 profertt

463 3507 590 3571 quo
637 3486 736 3571 [in
781 3484 1142 3549 Aelim-asiis
1189 3481 1454 3567 templis]
1500 3502 1696 3567 neque
1737 3490 2099 3565 permanent
2143 3480 2394 3542 animae

1654 3608 1848 3673 mque
1864 3668 1869 3671 .
1890 3606 2148 3671 ⁶⁰''P0m
2182 3595 2408 3649 “mm

369 3750 374 3755 .
459 3702 572 3765 scd
614 3701 924 3785 quaedam
964 3700 1414 3764 simulacra
1455 3697 1707 3760 modis
1751 3693 2123 3779 pall-entia
2165 3691 2403 3759 miris.

556 3808 654 3873 De
699 3806 1122 3872 evanescendo
1169 3805 1335 3870 nihil
1384 3805 1627 3869 dictum
1658 3803 1774 3882 est,
1822 3819 1970 3866 cum
2015 3797 2164 3864 huic
2210 3797 2439 3881 speciei
2473 3799 2616 3863 bre-

384 3915 543 3980 viter
575 3916 860 3980 narratae
891 3914 1129 3999 septem
1164 3931 1379 3978 versus
1411 3910 1795 3992 tribuantur,
1842 3926 2045 3993 neque
2076 3924 2195 3971 nox
2214 3944 2221 3953 -
2240 3904 2624 3973 describitur

381 4022 488 4087 sed
537 4020 912 4106 simpliciter
2086 4024 2092 4028 ’

561 4162 602 4233 ¹)
642 4162 725 4219 cf.
792 4162 1081 4218 Heinzium
1139 4162 1176 4217 l.
1213 4162 1251 4217 l.
1311 4180 1366 4233 p.
1410 4161 1580 4228 117,1‚
1655 4160 1752 4232 qui
1828 4158 1899 4213 ad
1960 4156 2187 4211 eandem
2258 4152 2629 4210 narrationem

382 4252 624 4323 Appiani
674 4252 830 4321 (Pun.
879 4252 928 4320 1)
968 4251 1216 4321 delegat:
1258 4294 1268 4307 .
1309 4293 1324 4307 .
1363 4292 1374 4305 .
1420 4292 1432 4305 .
1475 4249 1615 4317 „viel
1672 4246 2071 4303 dramatischer
2130 4245 2269 4299 lauet
2306 4241 2499 4311 Vergil
2540 4240 2631 4297 dio

382 4340 780 4409 Unglucklieho
837 4341 1101 4396 aunachst
1159 4340 1334 4397 durch
1390 4340 1480 4396 die
1517 4336 1956 4409 Vorspiegelung
2000 4334 2283 4401 betruben,
2344 4331 2472 4389 dua
2532 4329 2633 4386 der

381 4430 832 4485 verschwundene
870 4430 1036 4485 Gatte
1066 4430 1205 4485 noch
1235 4447 1322 4483 am
1360 4430 1543 4485 Leben
1568 4426 1666 4493 aei,
1704 4443 1797 4481 um
1834 4423 2095 4497 plotzlich
2121 4423 2230 4477 deu
2256 4421 2408 4491 'Prug
2452 4418 2627 4476 durch

379 4518 470 4573 die
507 4517 1087 4590 uniamur-chainan
1121 4535 1190 4577 n
1227 4518 1574 4575 ιοιῚ-(ιὶιειοιι.ἰ
