3242 5059
1172 448 1256 461 ...
1347 409 1436 477 19
1531 443 1612 459 ..

263 610 334 673 ut
378 607 504 673 iam
550 608 830 674 vidimus
877 608 1056 687 (Hec.
1108 628 1162 673 ν.
1224 610 1344 673 109
1379 608 1568 691 sqq).
1650 608 1981 673 Praeterea
2024 605 2091 673 in
2141 602 2361 689 Oreste
2408 604 2491 684 (v,

269 720 388 779 617
427 720 590 801 sqq.)
637 717 831 783 talem
878 718 1196 780 narratam
1243 717 1452 779 larvae
1487 716 1761 797 speciem
1810 714 2135 792 habemuS,
2182 715 2294 779 ubi
2328 716 2497 797 Tyn,-

262 824 481 889 dareus
545 823 792 888 Electra
861 825 1111 887 auctore
1169 820 1453 887 Orestem
1527 824 1796 887 matrem
1865 822 2253 887 interfecisse
2324 822 2501 900 dicit,

259 950 400 995 nam
451 932 631 995 illam
682 932 760 994 ab
794 928 1286 1012 Agamemnonis
1335 930 1558 993 umbra
1605 948 1716 1011 per
1748 927 1989 993 somnia
2037 928 2387 1011 apparenti,
2428 930 2502 1005 ut

258 1038 324 1102 id
373 1038 652 1118 suadeat,
703 1056 768 1100 se
817 1036 1206 1100 stimulatam
1259 1054 1392 1100 esse
1440 1036 1808 1101 narravisse.
1908 1034 2139 1099 Eadem
2189 1035 2264 1098 de
2313 1054 2508 1101 causa⁴

253 1164 378 1227 qua
419 1143 874 1227 Clytaemestra
906 1144 972 1205 in
1011 1142 1467 1207 Eumenidibus
1501 1142 1787 1207 ascendit
1820 1140 2275 1225 Agamemnon,
2322 1143 2497 1207 utra-

257 1272 375 1335 que
427 1253 599 1317 larva
647 1250 726 1314 ad
777 1249 978 1313 scelus
1029 1248 1286 1331 aliquod
1333 1250 1559 1315 incitat
1577 1248 1641 1329 ¹).

435 1360 744 1423 Admetus
791 1356 1052 1435 (Alcest.
1106 1376 1158 1421 v.
1213 1357 1342 1421 354
1391 1360 1554 1439 sqq.)
1625 1355 1805 1421 uxori
1874 1357 2133 1421 abeunti
2205 1357 2510 1421 umbram-

253 1468 386 1531 eius
437 1467 504 1530 in
547 1463 828 1529 somniis
879 1463 1074 1529 visam
1127 1460 1348 1527 solatio
1382 1463 1506 1527 sibi
1553 1466 1741 1547 atque
1776 1464 2007 1543 gaudio
2036 1463 2336 1529 futuram
2370 1466 2508 1552 ess,

262 1574 434 1639 dicit.

439 1678 773 1763 Euripides
850 1678 1053 1741 multa
1133 1677 1208 1741 de
1283 1676 1474 1752 larvis
1555 1678 1616 1741 in
1693 1679 2033 1762 tragoediis
2106 1678 2236 1743 suis
2306 1679 2505 1759 finxit,

266 1788 503 1869 quibus
553 1784 820 1850 maxime
856 1785 1180 1848 audientes
1215 1784 1645 1848 misericordia
1695 1790 2222 1851 commoveantur.
2319 1786 2507 1851 Prae-

260 1896 459 1977 cipue
491 1892 746 1956 umbras
779 1890 1093 1970 adhibuit,
1146 1891 1214 1954 ut
1247 1891 1576 1973 prologum
1611 1895 1995 1972 enarrarent,
2038 1894 2110 1969 *id
2144 1893 2307 1975 quod
2344 1894 2509 1957 certe

268 2003 338 2066 in
391 2020 492 2072 eos
542 1998 874 2081 scriptores
948 1999 1013 2061 et
1059 1999 1294 2080 poetaS,
1375 1998 1486 2079 qui
1565 2000 1811 2081 spectra
1886 2018 1983 2063 res
2048 2000 2232 2063 antea
2310 1998 2505 2063 factas

267 2106 498 2171 nesciis
577 2104 898 2168 narrantia
977 2102 1076 2168 vel
1155 2104 1408 2167 omnino
1489 2104 1732 2186 aliquid
1807 2106 2179 2188 exponentia
2248 2105 2510 2185 faciunt,

265 2231 564 2297 magnam
616 2212 742 2275 vim
793 2210 1096 2274 exhibuit.

451 2318 831 2400 Priusquam
863 2318 958 2380 -ad
1007 2317 1426 2381 Romanorum
1489 2318 1765 2401 tragicos
1834 2321 2168 2399 transeam,
2241 2320 2513 2383 breviter

266 2424 662 2511 perlustrabo
712 2424 1174 2488 comicorum
1207 2424 1473 2505 fabulas,
1525 2426 1692 2488 inter
1725 2444 1882 2509 quas.
1912 2426 2191 2489 eminent
2239 2426 2513 2493 Cratini

273 2532 573 2598 Chirones
653 2534 715 2595 et
791 2530 1156 2613 Eupolidis
1230 2530 1412 2596 Demi
1435 2531 1506 2613 ²).
1601 2531 1955 2597 Evocantur
2002 2533 2065 2596 iu
2101 2532 2181 2595 iis
2230 2532 2511 2598 clarissi-

276 2658 520 2705 morum
557 2638 838 2703 virorum
870 2637 1152 2718 umbrae,
1203 2638 1278 2701 ut
1308 2644 1639 2722 praecepta
1684 2640 1835 2708 dent
1882 2658 1913 2703 e
1963 2658 2028 2703 re
2074 2638 2347 2721 publica.
2440 2639 2514 2703 In

280 2746 529 2812 Cratini
560 2744 944 2809 Chironibus
1001 2746 1206 2826 (Kock
1239 2746 1270 2807 1
1317 2762 1374 2827 p.
1407 2747 1516 2817 82)
1563 2744 1849 2810 Solonem
1900 2747 1977 2810 ab
2025 2746 2242 2811 inferis
2290 2747 2517 2811 excitat

271 2858 470 2936 poeta,
521 2857 592 2916 ut
644 2852 954 2917 Perit-leae
1000 2852 1288 2915 licentiae
1331 2855 1582 2935 priscae
1626 2854 1785 2917 vitae
1816 2853 2218 2937 disciplinam
2250 2863 2517 2935 opponat

272 2968 336 3025 et
409 2962 474 3024 in
572 2960 904 3043 Eupolidis
985 2960 1200 3025 Demis
1293 2959 1605 3040 Solonem,
1686 2959 2063 3043 Miltiadem,
2146 2961 2512 3042 Aristidem,

274 3067 583 3131 Periclem
653 3086 724 3131 ex
770 3067 1029 3131 Tartaro
1102 3085 1213 3149 per
1260 3067 1674 3149 Myronidem,
1744 3068 1819 3131 ut
1864 3070 2075 3131 censet
2122 3066 2515 3147 Keilius⁸),

277 3173 520 3239 elicitos
567 3174 630 3236 in
681 3192 966 3238 scaenam
1014 3173 1264 3238 inducit
1310 3175 1508 3256 poeta,
1582 3178 1654 3237 ut
1712 3174 1974 3239 consilio
2046 3192 2159 3239 suo
2206 3165 2517 3257 populum

279 3280 578 3347 adiuvent
610 3280 812 3363 (Kock
841 3281 951 3362 lp.
981 3282 1154 3356 279).
1230 3280 1326 3345 Ob
1355 3280 1627 3345 similem
1674 3299 1924 3357 causam
1951 3281 2191 3345 Dareus
2218 3282 2280 3345 in
2308 3282 2517 3345 Persis

277 3384 651 3466 evocatur4).
746 3387 976 3453 Larvas
1025 3387 1369 3451 adiuvandi
1417 3387 1848 3471 suadendique
1895 3406 2083 3453 causa
2115 3406 2413 3471 apparere
2446 3409 2517 3453 ex

278 3513 347 3559 eo
396 3492 696 3575 explicari
742 3493 948 3575 potest
1019 3494 1181 3576 quod
1235 3493 1380 3557 inde
1428 3495 1506 3557 ab
1555 3494 1837 3577 antiquis
1870 3494 2263 3577 temporibus
2303 3495 2518 3559 heroes

275 3598 544 3665 maxime
591 3598 960 3662 adiuvantes
1012 3618 1077 3663 se
1125 3600 1448 3664 ostendere
1496 3600 1882 3683 putabantur
1898 3600 1973 3686 ὅ).

277 3847 601 3904 Baehrensii
643 3848 958 3916 opinionem
999 3849 1162 3904 etiam
1203 3850 1570 3919 Kicsalingius
1608 3852 1857 3922 sequitur
1897 3850 2128 3923 (Gryph.
2164 3851 2289 3908 Iud.
2348 3853 2521 3925 1877),

283 3937 378 4007 qui
416 3936 698 4005 Euripidis
736 3936 980 3991 fabulam
1016 3940 1310 3994 restituere
1349 3946 1576 3995 conatus
1624 3947 1725 3995 est.

467 4026 509 4093 ²)
550 4024 632 4081 Cf.
671 4025 1012 4081 Stachlinum
1050 4028 1086 4081 l.
1124 4026 1166 4081 1.
1205 4045 1258 4099 p.
1305 4027 1404 4083 180
1439 4044 1520 4099 sq.

459 4114 504 4179 ²)
541 4113 678 4169 Vide
715 4132 997 4171 excursum
1037 4116 1284 4171 tertium.

455 4200 504 4270 ³)
543 4201 698 4257 Getta.
735 4203 933 4259 Nachr.
981 4205 1113 4259 1912
1153 4222 1203 4275 p.
1243 4206 1348 4259 237
1377 4223 1456 4275 sq.

457 4290 506 4347 ⁴)
543 4290 627 4347 cf.
666 4307 830 4363 supra
866 4310 920 4361 p.
965 4293 1026 4347 10
1055 4310 1172 4365 sqq.

460 4381 506 4450 ⁸)
545 4381 630 4435 De
683 4381 940 4437 heroibus
979 4382 1362 4437 adiuvantibus
1421 4387 1479 4436 et
1516 4382 1841 4438 nocentibus
1896 4384 2020 4439 vide
2056 4384 2407 4441 Denekenum
2464 4385 2523 4439 in

287 4469 545 4524 Roscheri
593 4469 712 4524 Lex.
753 4469 797 4535 1,
835 4488 869 4540 p
933 4471 1070 4523 2473
1102 4488 1220 4541 sqq.

2142 4533 2205 4615 «μ’
