<?xml version="1.0" encoding="UTF-8"?>
<!DOCTYPE html PUBLIC "-//W3C//DTD XHTML 1.0 Transitional//EN"
    "http://www.w3.org/TR/xhtml1/DTD/xhtml1-transitional.dtd">
<html xmlns="http://www.w3.org/1999/xhtml" xml:lang="en" lang="en">
 <head>
  <title>
</title>
<meta http-equiv="Content-Type" content="text/html;charset=utf-8" />
  <meta name='ocr-system' content='tesseract 3.04.00' />
  <meta name='ocr-capabilities' content='ocr_page ocr_carea ocr_par ocr_line ocrx_word'/>
</head>
<body>
  <div class='ocr_page' id='page_1' title='image "./deanimaruminpoe00mendgoog_0079.png"; bbox 0 0 3242 5059; ppageno 0'>
   <div class='ocr_carea' id='block_1_1' title="bbox 1181 380 1621 451">
    <p class='ocr_par' dir='ltr' id='par_1_1' title="bbox 1181 380 1621 451">
     <span class='ocr_line' id='line_1_1' title="bbox 1181 380 1621 451; baseline -0.007 -12"><span class='ocrx_word' id='word_1_1' title='bbox 1181 380 1621 451; x_wconf 54' lang='lat'><strong>*⁹21⁸*-</strong></span> 
     </span>
    </p>
   </div>
   <div class='ocr_carea' id='block_1_2' title="bbox 259 575 2574 3761">
    <p class='ocr_par' dir='ltr' id='par_1_2' title="bbox 260 575 2574 2907">
     <span class='ocr_line' id='line_1_2' title="bbox 289 575 2510 661; baseline 0.001 -22"><span class='ocrx_word' id='word_1_2' title='bbox 289 594 322 639; x_wconf 91' lang='lat' dir='ltr'><strong>a</strong></span> <span class='ocrx_word' id='word_1_3' title='bbox 387 576 499 641; x_wconf 89' lang='lat' dir='ltr'><strong>deo</strong></span> <span class='ocrx_word' id='word_1_4' title='bbox 569 575 862 641; x_wconf 82' lang='lat' dir='ltr'><strong>incensus</strong></span> <span class='ocrx_word' id='word_1_5' title='bbox 935 576 1203 641; x_wconf 84' lang='lat' dir='ltr'><strong>Adrasto</strong></span> <span class='ocrx_word' id='word_1_6' title='bbox 1273 576 1796 660; x_wconf 82' lang='lat' dir='ltr'><strong>principibusque</strong></span> <span class='ocrx_word' id='word_1_7' title='bbox 1863 596 2033 641; x_wconf 86' lang='lat' dir='ltr'><strong>nunc</strong></span> <span class='ocrx_word' id='word_1_8' title='bbox 2099 576 2510 661; x_wconf 84' lang='lat' dir='ltr'><strong>aggrediendi</strong></span> 
     </span>
     <span class='ocr_line' id='line_1_3' title="bbox 285 682 2536 767; baseline 0.002 -22"><span class='ocrx_word' id='word_1_9' title='bbox 285 684 525 765; x_wconf 82' lang='lat' dir='ltr'><strong>tempus</strong></span> <span class='ocrx_word' id='word_1_10' title='bbox 574 701 707 747; x_wconf 91' lang='lat' dir='ltr'><strong>esse</strong></span> <span class='ocrx_word' id='word_1_11' title='bbox 754 682 1008 747; x_wconf 86' lang='lat' dir='ltr'><strong>nuntiat</strong></span> <span class='ocrx_word' id='word_1_12' title='bbox 1057 683 1143 766; x_wconf 91' lang='lat' dir='ltr'><strong>(X</strong></span> <span class='ocrx_word' id='word_1_13' title='bbox 1190 684 1307 747; x_wconf 86' lang='grc'><strong>201</strong></span> <span class='ocrx_word' id='word_1_14' title='bbox 1354 687 1545 767; x_wconf 83' lang='lat' dir='ltr'><strong>sqq.),</strong></span> <span class='ocrx_word' id='word_1_15' title='bbox 1594 704 1741 748; x_wconf 81' lang='lat' dir='ltr'><strong>nam</strong></span> <span class='ocrx_word' id='word_1_16' title='bbox 1773 684 1898 749; x_wconf 87' lang='lat' dir='ltr'><strong>sibi</strong></span> <span class='ocrx_word' id='word_1_17' title='bbox 1932 683 2536 767; x_wconf 59' lang='lat' dir='ltr'><strong>noctuAmpjhiarai·</strong></span> 
     </span>
     <span class='ocr_line' id='line_1_4' title="bbox 280 787 2510 873; baseline 0.003 -21"><span class='ocrx_word' id='word_1_18' title='bbox 280 787 537 870; x_wconf 84' lang='lat' dir='ltr'><strong>larvam,</strong></span> <span class='ocrx_word' id='word_1_19' title='bbox 586 808 747 873; x_wconf 88' lang='lat' dir='ltr'><strong>quae</strong></span> <span class='ocrx_word' id='word_1_20' title='bbox 792 808 863 855; x_wconf 84' lang='lat' dir='ltr'><strong>ex</strong></span> <span class='ocrx_word' id='word_1_21' title='bbox 910 790 1170 855; x_wconf 80' lang='lat' dir='ltr'><strong>Tartaro</strong></span> <span class='ocrx_word' id='word_1_22' title='bbox 1216 790 1447 855; x_wconf 86' lang='lat' dir='ltr'><strong>tellure</strong></span> <span class='ocrx_word' id='word_1_23' title='bbox 1496 791 1704 855; x_wconf 88' lang='lat' dir='ltr'><strong>soluta</strong></span> <span class='ocrx_word' id='word_1_24' title='bbox 1749 791 2072 870; x_wconf 80' lang='lat' dir='ltr'><strong>evasisset,</strong></span> <span class='ocrx_word' id='word_1_25' title='bbox 2145 792 2510 873; x_wconf 79' lang='lat' dir='ltr'><strong>apparuisse</strong></span> 
     </span>
     <span class='ocr_line' id='line_1_5' title="bbox 277 896 2510 981; baseline 0 -20"><span class='ocrx_word' id='word_1_26' title='bbox 277 899 413 961; x_wconf 82' lang='lat' dir='ltr'><strong>tum</strong></span> <span class='ocrx_word' id='word_1_27' title='bbox 483 897 793 981; x_wconf 89' lang='lat' dir='ltr'><strong>impetum</strong></span> <span class='ocrx_word' id='word_1_28' title='bbox 863 896 1216 962; x_wconf 80' lang='lat' dir='ltr'><strong>faciendum</strong></span> <span class='ocrx_word' id='word_1_29' title='bbox 1269 916 1404 963; x_wconf 89' lang='lat' dir='ltr'><strong>esse</strong></span> <span class='ocrx_word' id='word_1_30' title='bbox 1467 899 1534 961; x_wconf 89' lang='lat' dir='ltr'><strong>in</strong></span> <span class='ocrx_word' id='word_1_31' title='bbox 1583 898 1914 963; x_wconf 82' lang='lat' dir='ltr'>Thebanos</span> <span class='ocrx_word' id='word_1_32' title='bbox 1985 898 2363 963; x_wconf 77' lang='lat' dir='ltr'><strong>dormientes</strong></span> <span class='ocrx_word' id='word_1_33' title='bbox 2413 896 2510 961; x_wconf 92' lang='lat' dir='ltr'><strong>di-</strong></span> 
     </span>
     <span class='ocr_line' id='line_1_6' title="bbox 278 1004 2528 1089; baseline 0.001 -20"><span class='ocrx_word' id='word_1_34' title='bbox 278 1006 523 1069; x_wconf 81' lang='lat' dir='ltr'><strong>centem</strong></span> <span class='ocrx_word' id='word_1_35' title='bbox 550 1006 613 1069; x_wconf 87' lang='lat' dir='ltr'><strong>et</strong></span> <span class='ocrx_word' id='word_1_36' title='bbox 640 1004 1062 1069; x_wconf 82' lang='lat' dir='ltr'><strong>somniantem</strong></span> <span class='ocrx_word' id='word_1_37' title='bbox 1086 1004 1347 1089; x_wconf 83' lang='lat' dir='ltr'><strong>cuspide</strong></span> <span class='ocrx_word' id='word_1_38' title='bbox 1371 1005 1621 1069; x_wconf 88' lang='lat' dir='ltr'><strong>sublata</strong></span> <span class='ocrx_word' id='word_1_39' title='bbox 1647 1005 2099 1071; x_wconf 73' lang='lat' dir='ltr'><strong>stimulantem.</strong></span> <span class='ocrx_word' id='word_1_40' title='bbox 2149 1004 2405 1085; x_wconf 81' lang='lat' dir='ltr'><strong>Umbra,</strong></span> <span class='ocrx_word' id='word_1_41' title='bbox 2433 1006 2528 1075; x_wconf 61' lang='lat' dir='ltr'><strong>at.</strong></span> 
     </span>
     <span class='ocr_line' id='line_1_7' title="bbox 276 1109 2532 1199; baseline 0.001 -26"><span class='ocrx_word' id='word_1_42' title='bbox 276 1110 503 1175; x_wconf 86' lang='lat' dir='ltr'><strong>incitet</strong></span> <span class='ocrx_word' id='word_1_43' title='bbox 550 1113 612 1175; x_wconf 88' lang='lat' dir='ltr'><strong>et</strong></span> <span class='ocrx_word' id='word_1_44' title='bbox 657 1111 937 1192; x_wconf 86' lang='lat' dir='ltr'><strong>suadeat,</strong></span> <span class='ocrx_word' id='word_1_45' title='bbox 1012 1111 1313 1192; x_wconf 83' lang='lat' dir='ltr'><strong>ascendit,</strong></span> <span class='ocrx_word' id='word_1_46' title='bbox 1385 1111 1553 1195; x_wconf 91' lang='lat' dir='ltr'><strong>quod</strong></span> <span class='ocrx_word' id='word_1_47' title='bbox 1601 1112 1854 1196; x_wconf 86' lang='lat' dir='ltr'><strong>saepius</strong></span> <span class='ocrx_word' id='word_1_48' title='bbox 1921 1112 2312 1192; x_wconf 82' lang='lat' dir='ltr'><strong>invenimus3</strong></span> <span class='ocrx_word' id='word_1_49' title='bbox 2391 1109 2532 1199; x_wconf 53' lang='lat' dir='ltr'><strong>toti-5</strong></span> 
     </span>
     <span class='ocr_line' id='line_1_8' title="bbox 270 1216 2503 1302; baseline 0 -21"><span class='ocrx_word' id='word_1_50' title='bbox 270 1235 533 1283; x_wconf 83' lang='lat' dir='ltr'><strong>scaenae</strong></span> <span class='ocrx_word' id='word_1_51' title='bbox 563 1216 915 1283; x_wconf 85' lang='lat' dir='ltr'><strong>similitudo</strong></span> <span class='ocrx_word' id='word_1_52' title='bbox 956 1218 1265 1301; x_wconf 76' lang='lat' dir='ltr'><strong>quaedam</strong></span> <span class='ocrx_word' id='word_1_53' title='bbox 1298 1221 1395 1285; x_wconf 86' lang='lat' dir='ltr'><strong>est</strong></span> <span class='ocrx_word' id='word_1_54' title='bbox 1441 1237 1587 1283; x_wconf 85' lang='lat' dir='ltr'><strong>cum</strong></span> <span class='ocrx_word' id='word_1_55' title='bbox 1619 1218 1734 1282; x_wconf 91' lang='lat' dir='ltr'><strong>illo</strong></span> <span class='ocrx_word' id='word_1_56' title='bbox 1760 1217 2125 1301; x_wconf 89' lang='lat' dir='ltr'><strong>Vergiliano</strong></span> <span class='ocrx_word' id='word_1_57' title='bbox 2157 1219 2292 1283; x_wconf 86' lang='lat' dir='ltr'><strong>loco</strong></span> <span class='ocrx_word' id='word_1_58' title='bbox 2321 1218 2503 1302; x_wconf 82' lang='lat' dir='ltr'><strong>(Aen.</strong></span> 
     </span>
     <span class='ocr_line' id='line_1_9' title="bbox 271 1323 2518 1410; baseline 0.002 -21"><span class='ocrx_word' id='word_1_59' title='bbox 271 1326 324 1389; x_wconf 92' lang='lat' dir='ltr'><strong>V</strong></span> <span class='ocrx_word' id='word_1_60' title='bbox 378 1326 504 1391; x_wconf 82' lang='grc'><strong>636</strong></span> <span class='ocrx_word' id='word_1_61' title='bbox 540 1324 726 1409; x_wconf 88' lang='lat' dir='ltr'><strong>sqq.),</strong></span> <span class='ocrx_word' id='word_1_62' title='bbox 800 1324 911 1391; x_wconf 88' lang='lat' dir='ltr'><strong>ubi</strong></span> <span class='ocrx_word' id='word_1_63' title='bbox 958 1324 1432 1391; x_wconf 86' lang='lat' dir='ltr'><strong>Irissimulans</strong></span> <span class='ocrx_word' id='word_1_64' title='bbox 1496 1344 1561 1391; x_wconf 90' lang='lat' dir='ltr'><strong>se</strong></span> <span class='ocrx_word' id='word_1_65' title='bbox 1604 1323 1996 1393; x_wconf 73' lang='lat' dir='ltr'><strong>Cassandrae</strong></span> <span class='ocrx_word' id='word_1_66' title='bbox 2063 1324 2342 1410; x_wconf 84' lang='lat' dir='ltr'><strong>imagine</strong></span> <span class='ocrx_word' id='word_1_67' title='bbox 2411 1323 2518 1393; x_wconf 85' lang='lat' dir='ltr'><strong>in.-.</strong></span> 
     </span>
     <span class='ocr_line' id='line_1_10' title="bbox 270 1419 2523 1519; baseline 0.002 -23"><span class='ocrx_word' id='word_1_68' title='bbox 270 1450 527 1497; x_wconf 85' lang='lat' dir='ltr'><strong>censam</strong></span> <span class='ocrx_word' id='word_1_69' title='bbox 599 1419 756 1497; x_wconf 46' lang='lat' dir='ltr'><strong>‘esse</strong></span> <span class='ocrx_word' id='word_1_70' title='bbox 832 1432 1223 1513; x_wconf 82' lang='lat' dir='ltr'><strong>adhortatur,</strong></span> <span class='ocrx_word' id='word_1_71' title='bbox 1316 1435 1389 1498; x_wconf 90' lang='lat' dir='ltr'><strong>ut</strong></span> <span class='ocrx_word' id='word_1_72' title='bbox 1450 1452 1652 1519; x_wconf 52' lang='lat' dir='ltr'><strong>⁶naves</strong></span> <span class='ocrx_word' id='word_1_73' title='bbox 1733 1433 2121 1514; x_wconf 83' lang='lat' dir='ltr'><strong>comburant,</strong></span> <span class='ocrx_word' id='word_1_74' title='bbox 2209 1430 2523 1502; x_wconf 69' lang='lat' dir='ltr'><strong>mulieres,</strong></span> 
     </span>
     <span class='ocr_line' id='line_1_11' title="bbox 267 1537 2574 1627; baseline -0 -24"><span class='ocrx_word' id='word_1_75' title='bbox 267 1537 593 1604; x_wconf 75' lang='lat' dir='ltr'><strong>Troianae.</strong></span> <span class='ocrx_word' id='word_1_76' title='bbox 710 1539 970 1605; x_wconf 83' lang='lat' dir='ltr'><strong>Duobus</strong></span> <span class='ocrx_word' id='word_1_77' title='bbox 1018 1540 1173 1605; x_wconf 89' lang='lat' dir='ltr'><strong>locis</strong></span> <span class='ocrx_word' id='word_1_78' title='bbox 1243 1540 1362 1605; x_wconf 85' lang='lat' dir='ltr'><strong>Iris</strong></span> <span class='ocrx_word' id='word_1_79' title='bbox 1410 1542 1472 1605; x_wconf 88' lang='lat' dir='ltr'><strong>et</strong></span> <span class='ocrx_word' id='word_1_80' title='bbox 1536 1539 1940 1609; x_wconf 76' lang='lat' dir='ltr'><strong>Thiodamas,</strong></span> <span class='ocrx_word' id='word_1_81' title='bbox 1995 1540 2272 1619; x_wconf 82' lang='lat' dir='ltr'><strong>umbrae,</strong></span> <span class='ocrx_word' id='word_1_82' title='bbox 2348 1557 2508 1623; x_wconf 87' lang='lat' dir='ltr'><strong>quae</strong></span> <span class='ocrx_word' id='word_1_83' title='bbox 2567 1620 2574 1627; x_wconf 89' lang='lat'><strong>.</strong></span> 
     </span>
     <span class='ocr_line' id='line_1_12' title="bbox 268 1645 2528 1734; baseline 0.003 -25"><span class='ocrx_word' id='word_1_84' title='bbox 268 1645 672 1712; x_wconf 86' lang='lat' dir='ltr'><strong>vehementer</strong></span> <span class='ocrx_word' id='word_1_85' title='bbox 706 1647 786 1710; x_wconf 91' lang='lat' dir='ltr'><strong>ad</strong></span> <span class='ocrx_word' id='word_1_86' title='bbox 818 1646 1096 1731; x_wconf 89' lang='lat' dir='ltr'><strong>aliquam</strong></span> <span class='ocrx_word' id='word_1_87' title='bbox 1126 1665 1269 1711; x_wconf 87' lang='lat' dir='ltr'><strong>rem.</strong></span> <span class='ocrx_word' id='word_1_88' title='bbox 1286 1647 1642 1729; x_wconf 83' lang='lat' dir='ltr'><strong>stimulant,</strong></span> <span class='ocrx_word' id='word_1_89' title='bbox 1668 1665 1994 1713; x_wconf 84' lang='lat' dir='ltr'><strong>ascensum</strong></span> <span class='ocrx_word' id='word_1_90' title='bbox 2025 1648 2301 1734; x_wconf 61' lang='lat' dir='ltr'><strong>narrant,</strong></span> <span class='ocrx_word' id='word_1_91' title='bbox 2334 1648 2528 1716; x_wconf 83' lang='lat' dir='ltr'><strong>utro-.</strong></span> 
     </span>
     <span class='ocr_line' id='line_1_13' title="bbox 268 1752 2532 1841; baseline -0.001 -23"><span class='ocrx_word' id='word_1_92' title='bbox 268 1771 393 1836; x_wconf 89' lang='lat' dir='ltr'><strong>que</strong></span> <span class='ocrx_word' id='word_1_93' title='bbox 442 1754 577 1817; x_wconf 88' lang='lat' dir='ltr'><strong>loco</strong></span> <span class='ocrx_word' id='word_1_94' title='bbox 625 1757 795 1819; x_wconf 88' lang='lat' dir='ltr'><strong>vates</strong></span> <span class='ocrx_word' id='word_1_95' title='bbox 870 1772 935 1817; x_wconf 89' lang='lat' dir='ltr'><strong>se</strong></span> <span class='ocrx_word' id='word_1_96' title='bbox 980 1753 1275 1821; x_wconf 82' lang='lat' dir='ltr'><strong>ostendit.</strong></span> <span class='ocrx_word' id='word_1_97' title='bbox 1370 1753 1682 1818; x_wconf 78' lang='lat' dir='ltr'><strong>Ascensus</strong></span> <span class='ocrx_word' id='word_1_98' title='bbox 1751 1755 1886 1837; x_wconf 89' lang='lat' dir='ltr'><strong>ipse</strong></span> <span class='ocrx_word' id='word_1_99' title='bbox 1953 1752 2232 1836; x_wconf 86' lang='lat' dir='ltr'><strong>prodigii</strong></span> <span class='ocrx_word' id='word_1_100' title='bbox 2299 1771 2532 1841; x_wconf 77' lang='lat' dir='ltr'><strong>causa,÷</strong></span> 
     </span>
     <span class='ocr_line' id='line_1_14' title="bbox 270 1859 2505 1944; baseline -0 -20"><span class='ocrx_word' id='word_1_101' title='bbox 270 1860 639 1944; x_wconf 89' lang='lat' dir='ltr'><strong>priusquam</strong></span> <span class='ocrx_word' id='word_1_102' title='bbox 710 1878 807 1925; x_wconf 87' lang='lat' dir='ltr'><strong>res</strong></span> <span class='ocrx_word' id='word_1_103' title='bbox 855 1861 919 1924; x_wconf 91' lang='lat' dir='ltr'><strong>in</strong></span> <span class='ocrx_word' id='word_1_104' title='bbox 952 1859 1307 1927; x_wconf 75' lang='lat' dir='ltr'><strong>,discrimen</strong></span> <span class='ocrx_word' id='word_1_105' title='bbox 1367 1859 1597 1939; x_wconf 85' lang='lat' dir='ltr'><strong>veniat,</strong></span> <span class='ocrx_word' id='word_1_106' title='bbox 1663 1860 2012 1925; x_wconf 72' lang='lat' dir='ltr'><strong>adhibetur</strong></span> <span class='ocrx_word' id='word_1_107' title='bbox 2069 1862 2132 1924; x_wconf 89' lang='lat' dir='ltr'><strong>et</strong></span> <span class='ocrx_word' id='word_1_108' title='bbox 2199 1859 2505 1924; x_wconf 85' lang='lat' dir='ltr'><strong>actionem</strong></span> 
     </span>
     <span class='ocr_line' id='line_1_15' title="bbox 271 1966 2508 2051; baseline 0 -20"><span class='ocrx_word' id='word_1_109' title='bbox 271 1968 630 2049; x_wconf 65' lang='lat' dir='ltr'><strong>promovet·</strong></span> <span class='ocrx_word' id='word_1_110' title='bbox 669 2016 675 2021; x_wconf 74' lang='lat'>-</span> <span class='ocrx_word' id='word_1_111' title='bbox 712 1966 899 2032; x_wconf 88' lang='lat' dir='ltr'><strong>Statii</strong></span> <span class='ocrx_word' id='word_1_112' title='bbox 946 1967 1269 2051; x_wconf 88' lang='lat' dir='ltr'><strong>proprium</strong></span> <span class='ocrx_word' id='word_1_113' title='bbox 1300 1968 1416 2031; x_wconf 75' lang='lat' dir='ltr'><strong>est</strong></span> <span class='ocrx_word' id='word_1_114' title='bbox 1464 1967 1542 2031; x_wconf 92' lang='lat' dir='ltr'><strong>ab</strong></span> <span class='ocrx_word' id='word_1_115' title='bbox 1591 1967 1869 2050; x_wconf 85' lang='lat' dir='ltr'><strong>imagine</strong></span> <span class='ocrx_word' id='word_1_116' title='bbox 1931 1967 2364 2031; x_wconf 84' lang='lat' dir='ltr'><strong>somniantem·</strong></span> <span class='ocrx_word' id='word_1_117' title='bbox 2395 1986 2508 2031; x_wconf 87' lang='lat' dir='ltr'><strong>seu</strong></span> 
     </span>
     <span class='ocr_line' id='line_1_16' title="bbox 267 2072 2522 2163; baseline 0.002 -25"><span class='ocrx_word' id='word_1_118' title='bbox 267 2092 447 2138; x_wconf 89' lang='lat' dir='ltr'><strong>ramo</strong></span> <span class='ocrx_word' id='word_1_119' title='bbox 515 2073 736 2151; x_wconf 87' lang='lat' dir='ltr'><strong>(Theb.</strong></span> <span class='ocrx_word' id='word_1_120' title='bbox 786 2073 849 2139; x_wconf 92' lang='lat' dir='ltr'><strong>II</strong></span> <span class='ocrx_word' id='word_1_121' title='bbox 904 2074 1053 2158; x_wconf 88' lang='lat'>100)</span> <span class='ocrx_word' id='word_1_122' title='bbox 1114 2093 1230 2138; x_wconf 87' lang='lat' dir='ltr'><strong>seu</strong></span> <span class='ocrx_word' id='word_1_123' title='bbox 1272 2075 1515 2158; x_wconf 88' lang='lat' dir='ltr'><strong>sceptro</strong></span> <span class='ocrx_word' id='word_1_124' title='bbox 1573 2074 1754 2157; x_wconf 83' lang='lat' dir='ltr'><strong>tangi</strong></span> <span class='ocrx_word' id='word_1_125' title='bbox 1799 2074 1882 2154; x_wconf 92' lang='lat' dir='ltr'><strong>(X</strong></span> <span class='ocrx_word' id='word_1_126' title='bbox 1930 2073 2110 2155; x_wconf 87' lang='grc'><strong>212).</strong></span> <span class='ocrx_word' id='word_1_127' title='bbox 2207 2072 2275 2163; x_wconf 79' lang='lat' dir='ltr'><strong>ln</strong></span> <span class='ocrx_word' id='word_1_128' title='bbox 2334 2090 2522 2143; x_wconf 74' lang='lat' dir='ltr'><strong>com-3</strong></span> 
     </span>
     <span class='ocr_line' id='line_1_17' title="bbox 269 2178 2502 2265; baseline -0 -21"><span class='ocrx_word' id='word_1_129' title='bbox 269 2180 584 2265; x_wconf 83' lang='lat' dir='ltr'><strong>positione</strong></span> <span class='ocrx_word' id='word_1_130' title='bbox 660 2180 825 2245; x_wconf 90' lang='lat' dir='ltr'><strong>nihil</strong></span> <span class='ocrx_word' id='word_1_131' title='bbox 872 2180 1017 2246; x_wconf 88' lang='lat' dir='ltr'><strong>novi</strong></span> <span class='ocrx_word' id='word_1_132' title='bbox 1084 2183 1213 2258; x_wconf 86' lang='lat' dir='ltr'><strong>est;</strong></span> <span class='ocrx_word' id='word_1_133' title='bbox 1282 2182 1527 2245; x_wconf 78' lang='lat' dir='ltr'><strong>umbra</strong></span> <span class='ocrx_word' id='word_1_134' title='bbox 1595 2186 1776 2247; x_wconf 83' lang='lat' dir='ltr'><strong>noete</strong></span> <span class='ocrx_word' id='word_1_135' title='bbox 1852 2179 2068 2246; x_wconf 87' lang='lat' dir='ltr'><strong>silenti</strong></span> <span class='ocrx_word' id='word_1_136' title='bbox 2085 2182 2134 2263; x_wconf 63' lang='grc' dir='ltr'><strong>ἒ)</strong></span> <span class='ocrx_word' id='word_1_137' title='bbox 2207 2178 2502 2260; x_wconf 79' lang='lat' dir='ltr'><strong>occurrit,</strong></span> 
     </span>
     <span class='ocr_line' id='line_1_18' title="bbox 265 2284 2501 2373; baseline -0.001 -19"><span class='ocrx_word' id='word_1_138' title='bbox 265 2287 550 2371; x_wconf 86' lang='lat' dir='ltr'><strong>assurgit</strong></span> <span class='ocrx_word' id='word_1_139' title='bbox 593 2286 823 2352; x_wconf 80' lang='lat' dir='ltr'><strong>tellure</strong></span> <span class='ocrx_word' id='word_1_140' title='bbox 868 2287 1075 2352; x_wconf 88' lang='lat' dir='ltr'><strong>soluta</strong></span> <span class='ocrx_word' id='word_1_141' title='bbox 1094 2287 1161 2368; x_wconf 80' lang='lat'><strong>²),</strong></span> <span class='ocrx_word' id='word_1_142' title='bbox 1208 2287 1354 2351; x_wconf 89' lang='lat' dir='ltr'><strong>talis</strong></span> <span class='ocrx_word' id='word_1_143' title='bbox 1387 2287 1609 2371; x_wconf 74' lang='lat' dir='ltr'><strong>,qualis</strong></span> <span class='ocrx_word' id='word_1_144' title='bbox 1655 2298 1786 2350; x_wconf 73' lang='lat' dir='ltr'><strong>erat</strong></span> <span class='ocrx_word' id='word_1_145' title='bbox 1801 2284 1877 2370; x_wconf 85' lang='lat'><strong>⁸);</strong></span> <span class='ocrx_word' id='word_1_146' title='bbox 1925 2288 2236 2373; x_wconf 79' lang='lat' dir='ltr'><strong>incitandi</strong></span> <span class='ocrx_word' id='word_1_147' title='bbox 2265 2286 2501 2352; x_wconf 84' lang='lat' dir='ltr'><strong>formu-</strong></span> 
     </span>
     <span class='ocr_line' id='line_1_19' title="bbox 265 2394 2501 2481; baseline -0 -22"><span class='ocrx_word' id='word_1_148' title='bbox 265 2395 398 2459; x_wconf 89' lang='lat' dir='ltr'><strong>lam</strong></span> <span class='ocrx_word' id='word_1_149' title='bbox 449 2414 695 2479; x_wconf 88' lang='lat' dir='ltr'><strong>quoque</strong></span> <span class='ocrx_word' id='word_1_150' title='bbox 743 2394 1099 2460; x_wconf 84' lang='lat' dir='ltr'><strong>invenimus</strong></span> <span class='ocrx_word' id='word_1_151' title='bbox 1148 2396 1236 2478; x_wconf 90' lang='lat' dir='ltr'><strong>(v.</strong></span> <span class='ocrx_word' id='word_1_152' title='bbox 1274 2397 1450 2477; x_wconf 88' lang='grc'><strong>210),</strong></span> <span class='ocrx_word' id='word_1_153' title='bbox 1500 2413 1692 2480; x_wconf 88' lang='lat' dir='ltr'><strong>quam</strong></span> <span class='ocrx_word' id='word_1_154' title='bbox 1722 2394 2036 2481; x_wconf 17' lang='lat' dir='ltr'><strong>*exprimit</strong></span> <span class='ocrx_word' id='word_1_155' title='bbox 2080 2397 2264 2478; x_wconf 87' lang='lat' dir='ltr'><strong>poeta</strong></span> <span class='ocrx_word' id='word_1_156' title='bbox 2294 2394 2501 2459; x_wconf 89' lang='lat' dir='ltr'><strong>verbis</strong></span> 
     </span>
     <span class='ocr_line' id='line_1_20' title="bbox 262 2500 2501 2585; baseline 0.001 -20"><span class='ocrx_word' id='word_1_157' title='bbox 262 2502 418 2565; x_wconf 80' lang='lat' dir='ltr'><strong>vade</strong></span> <span class='ocrx_word' id='word_1_158' title='bbox 465 2500 621 2583; x_wconf 80' lang='lat' dir='ltr'><strong>heia,</strong></span> <span class='ocrx_word' id='word_1_159' title='bbox 691 2503 977 2567; x_wconf 69' lang='lat' dir='ltr'><strong>uloiwere</strong></span> <span class='ocrx_word' id='word_1_160' title='bbox 1028 2503 1199 2585; x_wconf 76' lang='lat' dir='ltr'><strong>ferro</strong></span> <span class='ocrx_word' id='word_1_161' title='bbox 1243 2524 1355 2565; x_wconf 72' lang='lat' dir='ltr'><strong>nos</strong></span> <span class='ocrx_word' id='word_1_162' title='bbox 1407 2502 1643 2567; x_wconf 70' lang='lat' dir='ltr'><strong>saltem.</strong></span> <span class='ocrx_word' id='word_1_163' title='bbox 1758 2500 2028 2567; x_wconf 85' lang='lat' dir='ltr'><strong>Animad</strong></span> <span class='ocrx_word' id='word_1_164' title='bbox 2038 2504 2239 2567; x_wconf 67' lang='lat' dir='ltr'><strong>vertas</strong></span> <span class='ocrx_word' id='word_1_165' title='bbox 2310 2502 2501 2568; x_wconf 79' lang='lat' dir='ltr'><strong>velim</strong></span> 
     </span>
     <span class='ocr_line' id='line_1_21' title="bbox 266 2595 2498 2697; baseline -0 -24"><span class='ocrx_word' id='word_1_166' title='bbox 266 2608 429 2673; x_wconf 88' lang='lat' dir='ltr'><strong>hanc</strong></span> <span class='ocrx_word' id='word_1_167' title='bbox 482 2610 765 2674; x_wconf 90' lang='lat' dir='ltr'><strong>umbram</strong></span> <span class='ocrx_word' id='word_1_168' title='bbox 813 2628 937 2675; x_wconf 94' lang='lat' dir='ltr'><strong>non</strong></span> <span class='ocrx_word' id='word_1_169' title='bbox 965 2595 1097 2693; x_wconf 85' lang='lat' dir='ltr'><strong>¹per</strong></span> <span class='ocrx_word' id='word_1_170' title='bbox 1142 2627 1433 2675; x_wconf 89' lang='lat' dir='ltr'><strong>somnum</strong></span> <span class='ocrx_word' id='word_1_171' title='bbox 1476 2609 1641 2690; x_wconf 88' lang='lat' dir='ltr'><strong>fieri,</strong></span> <span class='ocrx_word' id='word_1_172' title='bbox 1689 2610 1796 2674; x_wconf 86' lang='lat' dir='ltr'><strong>sed</strong></span> <span class='ocrx_word' id='word_1_173' title='bbox 1831 2609 2134 2693; x_wconf 81' lang='lat' dir='ltr'><strong>vigilanti</strong></span> <span class='ocrx_word' id='word_1_174' title='bbox 2179 2627 2498 2697; x_wconf 70' lang='lat' dir='ltr'><strong>apparere,</strong></span> 
     </span>
     <span class='ocr_line' id='line_1_22' title="bbox 264 2714 2501 2800; baseline 0 -19"><span class='ocrx_word' id='word_1_175' title='bbox 264 2716 433 2800; x_wconf 89' lang='lat' dir='ltr'><strong>quod</strong></span> <span class='ocrx_word' id='word_1_176' title='bbox 484 2736 593 2781; x_wconf 90' lang='lat' dir='ltr'><strong>nos</strong></span> <span class='ocrx_word' id='word_1_177' title='bbox 645 2734 814 2781; x_wconf 87' lang='lat' dir='ltr'><strong>nunc</strong></span> <span class='ocrx_word' id='word_1_178' title='bbox 860 2714 1161 2781; x_wconf 86' lang='lat' dir='ltr'><strong>visionem</strong></span> <span class='ocrx_word' id='word_1_179' title='bbox 1212 2716 1611 2797; x_wconf 77' lang='lat' dir='ltr'><strong>nominanuS,</strong></span> <span class='ocrx_word' id='word_1_180' title='bbox 1683 2736 1830 2781; x_wconf 82' lang='lat' dir='ltr'><strong>nam</strong></span> <span class='ocrx_word' id='word_1_181' title='bbox 1877 2715 2255 2782; x_wconf 87' lang='lat' dir='ltr'><strong>Thiodamas</strong></span> <span class='ocrx_word' id='word_1_182' title='bbox 2291 2716 2501 2800; x_wconf 74' lang='lat' dir='ltr'><strong>‹plane</strong></span> 
     </span>
     <span class='ocr_line' id='line_1_23' title="bbox 260 2823 2498 2907; baseline 0.002 -22"><span class='ocrx_word' id='word_1_183' title='bbox 260 2843 463 2887; x_wconf 76' lang='lat' dir='ltr'><strong>vanae</strong></span> <span class='ocrx_word' id='word_1_184' title='bbox 504 2823 719 2907; x_wconf 88' lang='lat' dir='ltr'><strong>inquit</strong></span> <span class='ocrx_word' id='word_1_185' title='bbox 760 2844 869 2886; x_wconf 77' lang='lat' dir='ltr'><strong>nec</strong></span> <span class='ocrx_word' id='word_1_186' title='bbox 908 2834 1187 2887; x_wconf 76' lang='lat' dir='ltr'><strong>monstra</strong></span> <span class='ocrx_word' id='word_1_187' title='bbox 1238 2825 1485 2907; x_wconf 69' lang='lat' dir='ltr'><strong>quietis,</strong></span> <span class='ocrx_word' id='word_1_188' title='bbox 1531 2845 1640 2887; x_wconf 82' lang='lat' dir='ltr'><strong>nec</strong></span> <span class='ocrx_word' id='word_1_189' title='bbox 1682 2844 1893 2887; x_wconf 77' lang='lat' dir='ltr'><strong>somno</strong></span> <span class='ocrx_word' id='word_1_190' title='bbox 1923 2834 2229 2907; x_wconf 80' lang='lat' dir='ltr'><strong>comperta</strong></span> <span class='ocrx_word' id='word_1_191' title='bbox 2259 2824 2498 2907; x_wconf 73' lang='lat' dir='ltr'><strong>loquor.</strong></span> 
     </span>
    </p>

    <p class='ocr_par' dir='ltr' id='par_1_3' title="bbox 259 2929 2528 3228">
     <span class='ocr_line' id='line_1_24' title="bbox 446 2929 2528 3017; baseline 0.001 -24"><span class='ocrx_word' id='word_1_192' title='bbox 446 2930 519 2993; x_wconf 91' lang='lat' dir='ltr'><strong>In</strong></span> <span class='ocrx_word' id='word_1_193' title='bbox 568 2929 884 3016; x_wconf 79' lang='lat' dir='ltr'><strong>Polynicis</strong></span> <span class='ocrx_word' id='word_1_194' title='bbox 933 2932 996 2995; x_wconf 91' lang='lat' dir='ltr'><strong>et</strong></span> <span class='ocrx_word' id='word_1_195' title='bbox 1042 2930 1311 2995; x_wconf 81' lang='lat' dir='ltr'><strong>Eteoclis</strong></span> <span class='ocrx_word' id='word_1_196' title='bbox 1359 2932 1698 2997; x_wconf 88' lang='lat' dir='ltr'><strong>certamine</strong></span> <span class='ocrx_word' id='word_1_197' title='bbox 1743 2942 1939 2995; x_wconf 79' lang='lat' dir='ltr'><strong>rector</strong></span> <span class='ocrx_word' id='word_1_198' title='bbox 1987 2929 2528 3017; x_wconf 43' lang='lat' dir='ltr'><strong>Tartareus-ipse·</strong></span> 
     </span>
     <span class='ocr_line' id='line_1_25' title="bbox 260 3037 2498 3122; baseline 0.001 -20"><span class='ocrx_word' id='word_1_199' title='bbox 260 3039 443 3120; x_wconf 90' lang='lat' dir='ltr'><strong>porta</strong></span> <span class='ocrx_word' id='word_1_200' title='bbox 493 3037 735 3102; x_wconf 88' lang='lat' dir='ltr'><strong>reclusa</strong></span> <span class='ocrx_word' id='word_1_201' title='bbox 780 3037 1075 3103; x_wconf 88' lang='lat' dir='ltr'><strong>manibus</strong></span> <span class='ocrx_word' id='word_1_202' title='bbox 1104 3037 1395 3121; x_wconf 86' lang='lat' dir='ltr'><strong>Ogygiis,</strong></span> <span class='ocrx_word' id='word_1_203' title='bbox 1441 3040 1515 3102; x_wconf 91' lang='lat' dir='ltr'><strong>ut</strong></span> <span class='ocrx_word' id='word_1_204' title='bbox 1561 3038 1786 3103; x_wconf 85' lang='lat' dir='ltr'><strong>fratres</strong></span> <span class='ocrx_word' id='word_1_205' title='bbox 1819 3041 2174 3122; x_wconf 82' lang='lat' dir='ltr'><strong>pugnantes</strong></span> <span class='ocrx_word' id='word_1_206' title='bbox 2223 3038 2498 3119; x_wconf 80' lang='lat' dir='ltr'><strong>videant,</strong></span> 
     </span>
     <span class='ocr_line' id='line_1_26' title="bbox 259 3142 2308 3228; baseline 0.001 -19"><span class='ocrx_word' id='word_1_207' title='bbox 259 3142 581 3227; x_wconf 83' lang='lat' dir='ltr'><strong>permittit</strong></span> <span class='ocrx_word' id='word_1_208' title='bbox 624 3143 716 3209; x_wconf 87' lang='lat' dir='ltr'><strong>XI</strong></span> <span class='ocrx_word' id='word_1_209' title='bbox 762 3146 892 3209; x_wconf 83' lang='grc'><strong>422</strong></span> <span class='ocrx_word' id='word_1_210' title='bbox 925 3164 1055 3228; x_wconf 77' lang='lat' dir='ltr'><strong>sq.z</strong></span> <span class='ocrx_word' id='word_1_211' title='bbox 2301 3204 2308 3211; x_wconf 93' lang='lat'><strong>.</strong></span> 
     </span>
    </p>

    <p class='ocr_par' dir='ltr' id='par_1_4' title="bbox 542 3249 2320 3445">
     <span class='ocr_line' id='line_1_27' title="bbox 542 3249 2190 3337; baseline -0.001 -23"><span class='ocrx_word' id='word_1_212' title='bbox 542 3266 547 3270; x_wconf 86' lang='grc'><strong><em>·</em></strong></span> <span class='ocrx_word' id='word_1_213' title='bbox 582 3249 891 3315; x_wconf 68' lang='lat' dir='ltr'><strong>montibus</strong></span> <span class='ocrx_word' id='word_1_214' title='bbox 932 3252 1211 3316; x_wconf 68' lang='lat' dir='ltr'><strong>insidunt</strong></span> <span class='ocrx_word' id='word_1_215' title='bbox 1245 3255 1484 3336; x_wconf 73' lang='lat' dir='ltr'><strong>patriis</strong></span> <span class='ocrx_word' id='word_1_216' title='bbox 1529 3255 1814 3337; x_wconf 73' lang='lat' dir='ltr'><strong>tristique</strong></span> <span class='ocrx_word' id='word_1_217' title='bbox 1856 3273 2114 3316; x_wconf 78' lang='lat' dir='ltr'><strong>corona.</strong></span> <span class='ocrx_word' id='word_1_218' title='bbox 2183 3263 2190 3267; x_wconf 85' lang='lat'>&#39;</span> 
     </span>
     <span class='ocr_line' id='line_1_28' title="bbox 585 3358 2173 3445; baseline 0.002 -24"><span class='ocrx_word' id='word_1_219' title='bbox 585 3358 844 3442; x_wconf 77' lang='lat' dir='ltr'><strong>infecere</strong></span> <span class='ocrx_word' id='word_1_220' title='bbox 889 3359 1053 3422; x_wconf 79' lang='lat' dir='ltr'><strong>diem</strong></span> <span class='ocrx_word' id='word_1_221' title='bbox 1098 3370 1157 3422; x_wconf 78' lang='lat' dir='ltr'><strong>et</strong></span> <span class='ocrx_word' id='word_1_222' title='bbox 1200 3361 1366 3423; x_wconf 79' lang='lat' dir='ltr'><strong>vinci</strong></span> <span class='ocrx_word' id='word_1_223' title='bbox 1408 3382 1523 3423; x_wconf 74' lang='lat' dir='ltr'><strong>sua</strong></span> <span class='ocrx_word' id='word_1_224' title='bbox 1566 3362 1840 3423; x_wconf 77' lang='lat' dir='ltr'><strong>crimina</strong></span> <span class='ocrx_word' id='word_1_225' title='bbox 1881 3359 2173 3445; x_wconf 68' lang='lat' dir='ltr'><strong>qaudam.</strong></span> 
     </span>
    </p>

    <p class='ocr_par' dir='ltr' id='par_1_5' title="bbox 259 3464 2497 3761">
     <span class='ocr_line' id='line_1_29' title="bbox 445 3464 2497 3551; baseline 0 -22"><span class='ocrx_word' id='word_1_226' title='bbox 445 3464 650 3543; x_wconf 81' lang='lat' dir='ltr'><strong>Quam</strong></span> <span class='ocrx_word' id='word_1_227' title='bbox 685 3466 1061 3551; x_wconf 83' lang='lat' dir='ltr'><strong>sententiam</strong></span> <span class='ocrx_word' id='word_1_228' title='bbox 1094 3487 1166 3531; x_wconf 85' lang='lat' dir='ltr'><strong>ex</strong></span> <span class='ocrx_word' id='word_1_229' title='bbox 1190 3465 1441 3532; x_wconf 83' lang='lat' dir='ltr'><strong>Valerio</strong></span> <span class='ocrx_word' id='word_1_230' title='bbox 1474 3465 1748 3549; x_wconf 86' lang='lat' dir='ltr'><strong>sumpsit</strong></span> <span class='ocrx_word' id='word_1_231' title='bbox 1774 3464 2102 3546; x_wconf 38' lang='lat' dir='ltr'><strong>Statius&amp;</strong></span> <span class='ocrx_word' id='word_1_232' title='bbox 2148 3466 2260 3551; x_wconf 87' lang='lat' dir='ltr'><strong>qui</strong></span> <span class='ocrx_word' id='word_1_233' title='bbox 2278 3467 2497 3531; x_wconf 77' lang='lat' dir='ltr'><strong>larvas</strong></span> 
     </span>
     <span class='ocr_line' id='line_1_30' title="bbox 266 3572 2496 3657; baseline 0 -20"><span class='ocrx_word' id='word_1_234' title='bbox 266 3572 547 3639; x_wconf 90' lang='lat' dir='ltr'><strong>Pollucis</strong></span> <span class='ocrx_word' id='word_1_235' title='bbox 595 3575 657 3637; x_wconf 85' lang='lat' dir='ltr'><strong>et</strong></span> <span class='ocrx_word' id='word_1_236' title='bbox 704 3574 926 3657; x_wconf 74' lang='lat' dir='ltr'><strong>Amyci</strong></span> <span class='ocrx_word' id='word_1_237' title='bbox 983 3576 1296 3639; x_wconf 89' lang='lat' dir='ltr'><strong>certamen</strong></span> <span class='ocrx_word' id='word_1_238' title='bbox 1342 3576 1698 3657; x_wconf 82' lang='lat' dir='ltr'><strong>spectantes</strong></span> <span class='ocrx_word' id='word_1_239' title='bbox 1745 3573 1926 3639; x_wconf 79' lang='lat' dir='ltr'><strong>facit.</strong></span> <span class='ocrx_word' id='word_1_240' title='bbox 1989 3613 1993 3617; x_wconf 94' lang='lat'><em>-</em></span> <span class='ocrx_word' id='word_1_241' title='bbox 2044 3572 2179 3637; x_wconf 87' lang='lat' dir='ltr'><strong>Hoc</strong></span> <span class='ocrx_word' id='word_1_242' title='bbox 2243 3591 2496 3657; x_wconf 83' lang='lat' dir='ltr'><strong>quoque</strong></span> 
     </span>
     <span class='ocr_line' id='line_1_31' title="bbox 259 3677 1932 3761; baseline 0 -17"><span class='ocrx_word' id='word_1_243' title='bbox 259 3680 397 3745; x_wconf 89' lang='lat' dir='ltr'><strong>loco</strong></span> <span class='ocrx_word' id='word_1_244' title='bbox 445 3682 673 3745; x_wconf 86' lang='lat' dir='ltr'><strong>natura</strong></span> <span class='ocrx_word' id='word_1_245' title='bbox 716 3680 1071 3745; x_wconf 87' lang='lat' dir='ltr'><strong>animarum</strong></span> <span class='ocrx_word' id='word_1_246' title='bbox 1119 3698 1381 3746; x_wconf 85' lang='lat' dir='ltr'><strong>ascensu</strong></span> <span class='ocrx_word' id='word_1_247' title='bbox 1426 3677 1932 3761; x_wconf 76' lang='lat' dir='ltr'><strong>commovetur⁶).</strong></span> 
     </span>
    </p>
   </div>
   <div class='ocr_carea' id='block_1_3' title="bbox 264 3790 690 3799">
    <p class='ocr_par' dir='ltr' id='par_1_6' title="bbox 264 3790 690 3799">
     <span class='ocr_line' id='line_1_32' title="bbox 264 3790 690 3799; baseline 0 1260"><span class='ocrx_word' id='word_1_248' title='bbox 264 3790 690 3799; x_wconf 95' lang='lat' dir='ltr'><strong> </strong></span> 
     </span>
    </p>
   </div>
   <div class='ocr_carea' id='block_1_4' title="bbox 257 3818 2526 4430">
    <p class='ocr_par' dir='ltr' id='par_1_7' title="bbox 257 3818 2526 3967">
     <span class='ocr_line' id='line_1_33' title="bbox 444 3818 2526 3895; baseline -0 -20"><span class='ocrx_word' id='word_1_249' title='bbox 444 3821 488 3888; x_wconf 83' lang='lat'><strong>¹)</strong></span> <span class='ocrx_word' id='word_1_250' title='bbox 528 3820 793 3877; x_wconf 86' lang='lat' dir='ltr'><strong>Similiter</strong></span> <span class='ocrx_word' id='word_1_251' title='bbox 829 3820 1077 3878; x_wconf 76' lang='lat' dir='ltr'><strong>Valerius</strong></span> <span class='ocrx_word' id='word_1_252' title='bbox 1115 3821 1263 3893; x_wconf 82' lang='lat' dir='ltr'><strong>(Arg.</strong></span> <span class='ocrx_word' id='word_1_253' title='bbox 1291 3822 1341 3879; x_wconf 89' lang='lat' dir='ltr'><strong>V</strong></span> <span class='ocrx_word' id='word_1_254' title='bbox 1378 3820 1505 3889; x_wconf 73' lang='lat'>232)</span> <span class='ocrx_word' id='word_1_255' title='bbox 1529 3824 1723 3877; x_wconf 70' lang='lat' dir='ltr'><strong>tacitae</strong></span> <span class='ocrx_word' id='word_1_256' title='bbox 1757 3841 1855 3895; x_wconf 76' lang='lat' dir='ltr'><strong>per</strong></span> <span class='ocrx_word' id='word_1_257' title='bbox 1878 3830 2112 3895; x_wconf 79' lang='lat' dir='ltr'><strong>tempora</strong></span> <span class='ocrx_word' id='word_1_258' title='bbox 2147 3823 2310 3877; x_wconf 73' lang='lat' dir='ltr'><strong>nectis</strong></span> <span class='ocrx_word' id='word_1_259' title='bbox 2357 3820 2494 3875; x_wconf 82' lang='lat' dir='ltr'><strong>dicit</strong></span> <span class='ocrx_word' id='word_1_260' title='bbox 2513 3818 2526 3845; x_wconf 80' lang='lat'><strong>·&#39;</strong></span> 
     </span>
     <span class='ocr_line' id='line_1_34' title="bbox 257 3910 2526 3979; baseline 0.001 -16"><span class='ocrx_word' id='word_1_261' title='bbox 257 3910 313 3965; x_wconf 87' lang='lat' dir='ltr'><strong>in</strong></span> <span class='ocrx_word' id='word_1_262' title='bbox 350 3910 543 3966; x_wconf 82' lang='lat' dir='ltr'><strong>Phrixi</strong></span> <span class='ocrx_word' id='word_1_263' title='bbox 584 3924 826 3967; x_wconf 75' lang='lat' dir='ltr'><strong>ascensu.</strong></span> <span class='ocrx_word' id='word_1_264' title='bbox 2389 3926 2422 3979; x_wconf 60' lang='grc' dir='ltr'><strong>ξ·</strong></span> <span class='ocrx_word' id='word_1_265' title='bbox 2499 3940 2526 3955; x_wconf 70' lang='lat'><strong>›-</strong></span> 
     </span>
    </p>

    <p class='ocr_par' dir='ltr' id='par_1_8' title="bbox 266 3998 2526 4162">
     <span class='ocr_line' id='line_1_35' title="bbox 449 3998 2526 4075; baseline 0 -21"><span class='ocrx_word' id='word_1_266' title='bbox 449 3998 493 4067; x_wconf 82' lang='lat'><strong>¹)</strong></span> <span class='ocrx_word' id='word_1_267' title='bbox 532 3999 608 4054; x_wconf 89' lang='lat' dir='ltr'><strong>Ut</strong></span> <span class='ocrx_word' id='word_1_268' title='bbox 663 3999 809 4070; x_wconf 87' lang='lat' dir='ltr'><strong>apud</strong></span> <span class='ocrx_word' id='word_1_269' title='bbox 846 4000 1099 4057; x_wconf 84' lang='lat' dir='ltr'><strong>Ovidium</strong></span> <span class='ocrx_word' id='word_1_270' title='bbox 1136 4001 1375 4056; x_wconf 82' lang='lat' dir='ltr'><strong>Achilles</strong></span> <span class='ocrx_word' id='word_1_271' title='bbox 1430 4004 1545 4057; x_wconf 70' lang='lat' dir='ltr'><strong>exit</strong></span> <span class='ocrx_word' id='word_1_272' title='bbox 1578 4003 1729 4057; x_wconf 74' lang='lat' dir='ltr'><strong>humo</strong></span> <span class='ocrx_word' id='word_1_273' title='bbox 1784 4004 1888 4057; x_wconf 72' lang='lat' dir='ltr'><strong>late</strong></span> <span class='ocrx_word' id='word_1_274' title='bbox 1931 4010 2092 4075; x_wconf 66' lang='lat' dir='ltr'><strong>rupta</strong></span> <span class='ocrx_word' id='word_1_275' title='bbox 2147 4002 2299 4069; x_wconf 80' lang='lat' dir='ltr'><strong>(Met.</strong></span> <span class='ocrx_word' id='word_1_276' title='bbox 2355 4000 2526 4070; x_wconf 50' lang='lat'><strong>1111,-</strong></span> 
     </span>
     <span class='ocr_line' id='line_1_36' title="bbox 266 4088 2171 4162; baseline 0.002 -21"><span class='ocrx_word' id='word_1_277' title='bbox 266 4088 415 4157; x_wconf 81' lang='grc'><strong>442),</strong></span> <span class='ocrx_word' id='word_1_278' title='bbox 456 4088 715 4146; x_wconf 73' lang='lat' dir='ltr'><strong>Senecam</strong></span> <span class='ocrx_word' id='word_1_279' title='bbox 753 4088 964 4158; x_wconf 79' lang='lat' dir='ltr'><strong>(Agam.</strong></span> <span class='ocrx_word' id='word_1_280' title='bbox 1006 4107 1053 4144; x_wconf 82' lang='lat' dir='ltr'><strong>v</strong></span> <span class='ocrx_word' id='word_1_281' title='bbox 1094 4090 1215 4156; x_wconf 81' lang='grc'><strong>775,</strong></span> <span class='ocrx_word' id='word_1_282' title='bbox 1264 4089 1487 4162; x_wconf 77' lang='lat' dir='ltr'><strong>Thyest.</strong></span> <span class='ocrx_word' id='word_1_283' title='bbox 1529 4108 1577 4145; x_wconf 91' lang='lat' dir='ltr'><strong>v.</strong></span> <span class='ocrx_word' id='word_1_284' title='bbox 1614 4090 1708 4158; x_wconf 90' lang='grc'><strong>87)</strong></span> <span class='ocrx_word' id='word_1_285' title='bbox 1745 4091 1981 4161; x_wconf 73' lang='lat' dir='ltr'><strong>aliisque</strong></span> <span class='ocrx_word' id='word_1_286' title='bbox 2019 4091 2171 4146; x_wconf 84' lang='lat' dir='ltr'><strong>locis.</strong></span> 
     </span>
    </p>

    <p class='ocr_par' dir='ltr' id='par_1_9' title="bbox 261 4177 2490 4333">
     <span class='ocr_line' id='line_1_37' title="bbox 444 4177 2490 4250; baseline 0.001 -20"><span class='ocrx_word' id='word_1_287' title='bbox 444 4177 491 4245; x_wconf 81' lang='lat'><strong>⁸)</strong></span> <span class='ocrx_word' id='word_1_288' title='bbox 528 4179 719 4248; x_wconf 77' lang='lat' dir='ltr'><strong>Aeque</strong></span> <span class='ocrx_word' id='word_1_289' title='bbox 757 4182 921 4249; x_wconf 72' lang='lat' dir='ltr'><strong>atque</strong></span> <span class='ocrx_word' id='word_1_290' title='bbox 974 4179 1123 4250; x_wconf 87' lang='lat' dir='ltr'><strong>apud</strong></span> <span class='ocrx_word' id='word_1_291' title='bbox 1164 4177 1397 4235; x_wconf 81' lang='lat' dir='ltr'><strong>Ennium</strong></span> <span class='ocrx_word' id='word_1_292' title='bbox 1436 4178 1660 4246; x_wconf 78' lang='lat' dir='ltr'><strong>(Annal.</strong></span> <span class='ocrx_word' id='word_1_293' title='bbox 1695 4180 1740 4235; x_wconf 91' lang='lat' dir='ltr'><strong>I.</strong></span> <span class='ocrx_word' id='word_1_294' title='bbox 1779 4179 1938 4250; x_wconf 78' lang='lat' dir='ltr'><strong>frgm.</strong></span> <span class='ocrx_word' id='word_1_295' title='bbox 1983 4180 2039 4247; x_wconf 90' lang='grc'><strong>4)</strong></span> <span class='ocrx_word' id='word_1_296' title='bbox 2095 4184 2152 4233; x_wconf 85' lang='lat' dir='ltr'><strong>et</strong></span> <span class='ocrx_word' id='word_1_297' title='bbox 2191 4179 2490 4250; x_wconf 85' lang='lat' dir='ltr'><strong>Vergilium</strong></span> 
     </span>
     <span class='ocr_line' id='line_1_38' title="bbox 261 4266 812 4333; baseline -0.013 -10"><span class='ocrx_word' id='word_1_298' title='bbox 261 4267 417 4333; x_wconf 77' lang='lat' dir='ltr'><strong>(Aen.</strong></span> <span class='ocrx_word' id='word_1_299' title='bbox 455 4267 512 4320; x_wconf 91' lang='lat' dir='ltr'><strong>II</strong></span> <span class='ocrx_word' id='word_1_300' title='bbox 550 4266 696 4333; x_wconf 84' lang='grc'><strong>274).</strong></span> <span class='ocrx_word' id='word_1_301' title='bbox 780 4279 812 4305; x_wconf 66' lang='grc'><strong>«-</strong></span> 
     </span>
    </p>

    <p class='ocr_par' dir='ltr' id='par_1_10' title="bbox 439 4354 2490 4430">
     <span class='ocr_line' id='line_1_39' title="bbox 439 4354 2490 4430; baseline 0 -19"><span class='ocrx_word' id='word_1_302' title='bbox 439 4355 485 4423; x_wconf 72' lang='lat'><strong>4)</strong></span> <span class='ocrx_word' id='word_1_303' title='bbox 521 4356 677 4411; x_wconf 83' lang='lat' dir='ltr'><strong>Hane</strong></span> <span class='ocrx_word' id='word_1_304' title='bbox 697 4354 865 4411; x_wconf 83' lang='lat' dir='ltr'><strong>Statii</strong></span> <span class='ocrx_word' id='word_1_305' title='bbox 885 4357 1250 4411; x_wconf 79' lang='lat' dir='ltr'><strong>imitationem</strong></span> <span class='ocrx_word' id='word_1_306' title='bbox 1270 4357 1555 4427; x_wconf 78' lang='lat' dir='ltr'><strong>Langenus</strong></span> <span class='ocrx_word' id='word_1_307' title='bbox 1581 4357 1856 4430; x_wconf 88' lang='lat' dir='ltr'><strong>quoquel.</strong></span> <span class='ocrx_word' id='word_1_308' title='bbox 1880 4360 1915 4413; x_wconf 93' lang='lat'><strong>1.</strong></span> <span class='ocrx_word' id='word_1_309' title='bbox 1938 4377 1992 4430; x_wconf 91' lang='lat' dir='ltr'><strong>p.</strong></span> <span class='ocrx_word' id='word_1_310' title='bbox 2011 4360 2114 4415; x_wconf 79' lang='grc'><strong>297</strong></span> <span class='ocrx_word' id='word_1_311' title='bbox 2138 4360 2490 4416; x_wconf 72' lang='lat' dir='ltr'><strong>demonstret.</strong></span> 
     </span>
    </p>
   </div>
   <div class='ocr_carea' id='block_1_5' title="bbox 435 4443 1256 4521">
    <p class='ocr_par' dir='ltr' id='par_1_11' title="bbox 435 4443 1256 4521">
     <span class='ocr_line' id='line_1_40' title="bbox 435 4443 1256 4521; baseline 0.001 -20"><span class='ocrx_word' id='word_1_312' title='bbox 435 4444 485 4515; x_wconf 83' lang='lat'><strong>⁸)</strong></span> <span class='ocrx_word' id='word_1_313' title='bbox 522 4443 607 4503; x_wconf 73' lang='lat' dir='ltr'><strong>ct.</strong></span> <span class='ocrx_word' id='word_1_314' title='bbox 643 4453 831 4517; x_wconf 63' lang='lat' dir='ltr'><strong>supa</strong></span> <span class='ocrx_word' id='word_1_315' title='bbox 844 4462 901 4521; x_wconf 66' lang='grc' dir='ltr'><strong>ιι.</strong></span> <span class='ocrx_word' id='word_1_316' title='bbox 937 4444 1033 4503; x_wconf 76' lang='lat'><strong>56</strong></span> <span class='ocrx_word' id='word_1_317' title='bbox 1044 4450 1157 4505; x_wconf 76' lang='lat' dir='ltr'><strong>not-</strong></span> <span class='ocrx_word' id='word_1_318' title='bbox 1188 4445 1256 4505; x_wconf 77' lang='grc'><strong>,8.</strong></span> 
     </span>
    </p>
   </div>
  </div>
 </body>
</html>
