3242 5059
1150 416 1663 511 ·-13-

315 623 397 689 de
448 626 646 710 patris
705 623 1232 689 exsecrationibus
1288 622 1570 707 loquitur
1617 621 1897 687 Eteocles
1957 620 2021 684 et
2066 618 2236 703 quia,
2306 618 2379 682 ut
2425 634 2557 682 sae-

308 732 462 815 pius
509 733 676 798 infra
721 731 1077 796 videbimus
1109 730 1161 815 ι)
1209 730 1624 815 βιαιοθανάτων
1692 728 1952 792 umbrae
2002 727 2304 811 apparent
2358 726 2419 789 et
2465 744 2561 789 res
2598 774 2601 778 .

311 840 615 905 adversas
663 838 1108 904 vaticinantur.
2077 834 2083 843 ’

499 948 568 1013 Io
615 945 682 1012 in
731 945 1043 1011 erroribus
1093 946 1170 1009 ad
1219 944 1667 1009 Prometheum
1714 941 2001 1027 pervenit
2056 941 2120 1006 et
2166 959 2231 1005 se
2278 941 2355 1005 ab
2402 938 2561 1021 Argi

237 1064 242 1068 ’
308 1055 562 1119 umbra·
592 1054 799 1118 vexari
847 1054 1080 1133 narrat,
1153 1072 1187 1116 a
1258 1070 1380 1136 quo
1454 1072 1524 1115 ex
1569 1052 1829 1115 Tartaro
1900 1067 2149 1132 egresso
2205 1066 2315 1131 per
2360 1048 2559 1111 terras

313 1162 596 1245 pellatur
643 1163 706 1225 et
753 1160 1132 1225 sollicitetur
1178 1159 1416 1242 (Prom.
1466 1179 1525 1223 v.
1579 1158 1705 1223 566
1756 1159 1917 1239 sqq.)
1934 1156 1988 1241 ²)
2040 1156 2275 1221 Larvas
2322 1166 2559 1235 eorum,

313 1269 429 1353 qui
478 1288 587 1351 per
635 1270 762 1333 vim
811 1268 1018 1333 necati
1064 1269 1231 1348 sunt,
1283 1268 1499 1351 vagari
1548 1285 1748 1348 neque
1798 1265 1907 1330 aut
1954 1267 2123 1347 ipsas
2171 1263 2557 1347 requiescere

313 1378 428 1441 aut
475 1376 996 1441 interfectoribus>
1054 1366 1328 1457 quietem
1401 1392 1682 1458 unquam
1756 1373 1903 1437 dare
1952 1390 2133 1455 saepe
2180 1371 2559 1459 invenimus,

310 1486 450 1550 Hoc
525 1486 660 1550 loco
731 1484 1036 1548 visionem
1084 1484 1409 1563 habemuS,
1485 1501 1633 1545 nam
1683 1481 1858 1545 larva
1903 1480 2044 1545 Ioni
2090 1480 2279 1543 noctu
2328 1476 2561 1571 diuque

315 1594 465 1658 ante
513 1594 723 1658 oculos
771 1594 1074 1657 versatur.

452 1718 456 1722 ’
497 1717 986 1803 Clytaemestrae
1056 1719 1420 1783 mostellum
1491 1717 1851 1799 (Eumenid.
1900 1737 1958 1781 v,
2010 1718 2094 1779 94
2122 1717 2287 1798 sqq.)
2335 1713 2554 1793 furias,

316 1846 478 1911 quae
557 1826 842 1891 Orestem
918 1826 1209 1911 persequi
1281 1827 1488 1890 iussae
1581 1826 1725 1890 ante
1817 1821 2225 1889 umbilicum·
2291 1813 2554 1904 Delphi-

315 1953 460 1999 cum
533 1934 876 2015 dormiunt,
947 1934 1194 2013 incitat,
1265 1935 1334 1997 ut
1404 1932 1937 2017 expergiscantur,
2011 1949 2115 2027 cas
2164 1929 2239 1994 de
2295 1928 2551 2001 libatio-

316 2042 506 2106 nibus
555 2043 616 2106 et
663 2039 982 2107 beneficiis
1037 2040 1198 2105 datis
1248 2040 1829 2105 commonefaciens
1926 2037 2003 2103 Se
2051 2058 2087 2102 a
2132 2036 2379 2101 Tartari
2414 2055 2555 2101 um-

317 2148 450 2213 bris
496 2148 570 2214 ut
617 2147 871 2214 sceleris
920 2148 1020 2214 sui
1068 2148 1281 2231 gnaris
1330 2148 1690 2231 neglectam
1738 2146 1934 2210 solam
1983 2145 2221 2229 vagari.
2318 2142 2559 2209 Chorus

319 2256 628 2321 furiarum
678 2256 779 2320 his
828 2256 1036 2320 verbis
1085 2255 1408 2335 incitatus,
1459 2256 1567 2320 sed
1613 2252 1896 2318 nondum
1927 2252 2321 2335 experrectus
2356 2250 2558 2335 gemi-

319 2364 456 2427 tum
508 2362 634 2445 dat,
709 2362 860 2427 dum
921 2382 958 2433 a
1005 2361 1462 2446 Clytaemestra
1508 2361 1741 2426 iterum
1790 2359 2145 2443 iterumque
2194 2358 2559 2424 stimulatus

317 2468 790 2554 expergiscitur.
857 2469 1156 2552 Magnam
1206 2468 1333 2532 vim
1381 2467 1534 2532 haec
1567 2467 1743 2531 larva
1773 2468 1839 2531 in
1874 2465 2270 2531 audientium
2318 2464 2559 2529 animos

316 2575 564 2655 habuit,
628 2595 784 2660 quae
832 2577 908 2640 ad
956 2576 1190 2639 nodum
1259 2575 1641 2640 nectendum
1688 2594 1725 2638 a
1771 2575 1953 2657 poeta
1998 2571 2341 2652 inducitur,
2411 2590 2560 2635 nam

321 2681 455 2766 ipsa
506 2682 646 2747 odio
679 2681 1071 2747 inflammata
1103 2682 1311 2746 Furiis
1346 2682 1560 2746 odium
1609 2680 1879 2764 inspirat
1922 2678 2000 2744 ad
2034 2678 2318 2745 Orestem
2350 2698 2559 2763 perse-

320 2788 720 2873 quendum³).
817 2790 952 2855 Hoc
1022 2808 1268 2874 quoque
1337 2788 1469 2853 loco
1543 2807 1809 2871 persona
1879 2806 1950 2851 ex
1996 2786 2213 2851 inferis
2272 2805 2382 2869 per
2430 2785 2559 2851 vim

321 2895 599 2977 necata⁴)
633 2896 935 2976 ascendit,
971 2898 1041 2975 ut
1068 2895 1529 2961 interfectorem
1554 2894 1919 2960 insectetur.
1960 2894 2162 2959 Larva
2188 2892 2461 2977 quadam
2485 2911 2557 2957 ex

316 3004 492 3085 parte
520 3003 594 3067 ad
623 3003 984 3068 Patroclum
1012 3004 1121 3085 qui
1143 3004 1238 3068 est
1257 3002 1322 3067 in
1353 3002 1410 3063 Ψ
1435 3022 1546 3067 nos
1571 3003 1769 3081 vocat,
1794 3020 2174 3085 quamquam
2201 3000 2445 3065 indoles
2479 3000 2557 3065 ab

320 3109 437 3174 hoc
484 3109 731 3174 diversa
778 3112 890 3174 est.
987 3108 1444 3193 Clytaemestra
1499 3110 1839 3173 orationem
1900 3107 2127 3191 incipit
2174 3094 2292 3172 his*
2320 3106 2556 3171 verbis:

503 3340 542 3409 ¹)
579 3340 746 3397 Velut
782 3343 840 3396 in
875 3341 1056 3396 Plaut.
1095 3342 1258 3396 Most.
1298 3358 1346 3396 v.
1383 3342 1489 3395 490
1539 3358 1678 3411 sqq„
1716 3339 1916 3395 Lucan.
1954 3338 2060 3395 VII
2100 3338 2202 3394 769
2241 3354 2378 3409 sqq,
2433 3336 2553 3394 ¹121.

316 3430 495 3485 Flacc.
556 3430 633 3487 IV
689 3431 790 3485 257
830 3448 964 3502 sqq.,
1025 3430 1170 3485 Plut.
1234 3429 1372 3485 Cim.
1415 3432 1462 3501 1,
1499 3432 1532 3485 6
1595 3429 1689 3499 [cf.
1733 3429 1894 3484 Paus.
1954 3428 2040 3484 111
2108 3426 2271 3497 17‚8]‚
2329 3426 2555 3484 Lucian.

325 3518 571 3590 Philops.
609 3519 672 3573 31
714 3518 1012 3590 multisque
1049 3520 1172 3574 aliis
1210 3519 1362 3574 locis.

503 3606 552 3691 J)
591 3607 750 3663 Hunc
806 3608 986 3663 locum
1039 3609 1294 3664 imitatus
1333 3614 1416 3664 est
1452 3608 1681 3664 Ovidius
1736 3606 1890 3677 (Met.
1917 3607 1947 3662 1
1982 3608 2089 3662 724
2114 3606 2235 3679 sq.)‚
2296 3605 2365 3659 do
2426 3605 2557 3659 Ione

322 3711 576 3752 narrans:
1710 3705 1715 3709 '
2360 3709 2363 3711 ’

619 3789 868 3856 protinus
906 3789 1106 3842 exarsit
1143 3806 1236 3843 nec
1277 3795 1510 3860 tempora
1546 3788 1750 3841 distulit
1786 3788 1901 3842 irae

631 3876 1046 3945 horriferamque
1082 3878 1243 3931 oculis
1285 3877 1556 3944 animoque
1593 3876 1772 3931 obiecit
1810 3875 2015 3947 Erinyn

633 3964 855 4020 Paelicis
894 3968 1172 4036 Arqolicae
1212 3966 1542 4033 stimulosque
1581 3966 1637 4018 in
1670 3973 1874 4035 pectore
1911 3982 2087 4019 caecos

635 4054 864 4107 condidit
900 4062 949 4109 et
975 4055 1266 4125 profuyam
1296 4071 1396 4126 per
1433 4061 1594 4107 totum
1632 4055 1821 4108 terruit
1858 4054 2041 4107 orbem.

343 4196 347 4201 .
499 4142 775 4208 Quantum
811 4143 1009 4198 Accius
1047 4143 1103 4196 in
1142 4142 1274 4198 Ione
1311 4158 1410 4196 sna
1434 4141 1575 4197 hanc
1611 4158 1726 4197 rem
1762 4142 2124 4212 usurpaverit,
2162 4148 2284 4195 cu'm
2320 4138 2457 4194 nihil
2485 4137 2553 4191 de

317 4229 420 4284 hac
445 4230 744 4299 tragoedia·
767 4233 1022 4301 supersit,
1054 4230 1234 4286 dicere
1262 4247 1368 4285 non
1394 4247 1703 4301 possumus.
1731 4229 1813 4285 Cf.
1844 4230 2201 4285 Ribbeckium
2225 4228 2261 4283 1.
2288 4228 2324 4283 l.
2351 4246 2403 4293 p.
2432 4226 2553 4281 550.

489 4318 535 4385 ⁸)
571 4317 774 4373 Eadem
843 4320 1119 4374 sententia
1180 4322 1265 4374 est
1325 4318 1593 4375 Staehlini
1656 4318 1691 4373 l.
1756 4318 1793 4373 1.
1856 4335 1909 4388 p.
1936 4318 2006 4373 38
2071 4322 2127 4373 et
2189 4318 2255 4371 cf.
2315 4315 2552 4385 Heyium

316 4406 352 4459 l.
391 4406 427 4461 l.
466 4425 522 4477 p.
559 4407 645 4461 20.

488 4495 532 4562 ⁴)
572 4494 656 4550 Cf.
695 4494 1035 4552 Staehlinum
1071 4496 1108 4553 l.
1146 4496 1182 4550 l.
1239 4514 1291 4565 p.
1329 4495 1424 4550 89.
