3242 5059
1595 442 1995 510 ..4—

601 674 605 679 ·
670 639 1177 727 lamentaturque
1247 641 1370 707 sibi
1435 642 1623 706 noctu
1670 641 2032 706 Patroclum
2102 640 2356 704 flentem
2426 640 2771 705 occurrisse
2842 658 2915 704 ac

672 752 972 816 mandata
1018 750 1284 832 dedisse,
1335 748 1565 833 quibus
1614 750 1821 815 verbis
1872 749 2163 812 omnibus
2200 748 2385 813 sociis
2432 766 2774 812 maerorem
2808 767 2909 812 ex-

672 856 847 923 citat.
975 856 1180 935 Quam
1257 856 1484 923 somnii
1577 857 1869 939 speciem,
1963 874 2109 920 cum
2184 855 2251 918 in
2341 856 2555 938 poetas
2631 856 2911 937 posteros

667 964 1006 1030 maximam
1097 964 1229 1030 vim
1331 958 1643 1045 habuerit,
1760 963 2045 1028 accurate
2164 960 2679 1044 contemplemur.
2819 962 2910 1026 Ac

670 1072 950 1157 primum
1023 1071 1279 1156 quidem
1349 1088 1744 1153 quaeramuS,
1821 1070 2131 1153 quomodo
2193 1070 2377 1152 poeta
2421 1068 2538 1133 hoc
2594 1071 2909 1152 spectrum

672 1180 1107 1245 introduxerit.
1209 1178 1508 1260 Achilles,
1579 1178 1692 1243 ubi
1742 1176 1971 1258 omnia,
2046 1196 2205 1259 quae
2252 1176 2317 1239 in
2368 1175 2643 1241 Patrocli
2691 1175 2909 1241 funere

669 1306 824 1371 opus
873 1269 1043 1369 sunt,
1089 1285 1488 1370 praeparavit
1558 1285 1851 1368 curisque
1902 1283 2264 1368 stimulatus
2313 1282 2713 1365 obdormivit,
2786 1284 2905 1348 Pa-

665 1394 850 1460 trocli
897 1394 1185 1459 umbram
1233 1412 1344 1476 per
1392 1392 1707 1457 somnium
1757 1389 2003 1475 aspicit.
2098 1391 2269 1454 Haec
2331 1390 2561 1474 spectri
2623 1392 2905 1455 introdu-

667 1501 850 1566 cendi
896 1502 1058 1567 ratio
1105 1520 1174 1565 eo
1209 1500 1582 1581 continetur,
1635 1499 1802 1584 quod
1848 1498 2023 1563 larva
2054 1499 2378 1581 tamquam
2428 1518 2500 1562 ex
2532 1499 2905 1563 somniantis

667 1610 890 1675 intimo
939 1610 1147 1674 animo
1202 1608 1414 1693 prodit
1468 1608 1568 1673 vel
1617 1608 1674 1671 ei
1722 1610 2000 1692 apparet,
2073 1608 2184 1692 qui
2230 1608 2466 1691 cogitat
2538 1607 2613 1670 de
2659 1608 2905 1670 mortuo

665 1718 982 1801 spectrove
1026 1715 1210 1798 ipso,
1239 1699 1304 1780 in
1355 1698 1570 1780 anxiis*
1600 1713 1767 1779 curis
1814 1716 2117 1796 versatur,
2167 1734 2299 1778 rem
2340 1704 2560 1797 magni
2603 1714 2908 1778 momenti

666 1824 994 1890 deliberat.
1089 1821 1262 1901 Quae
1308 1822 1466 1887 ratio
1501 1820 1897 1885 artificiosior
1943 1822 2145 1885 rarius
2180 1838 2217 1886 a
2266 1821 2671 1904 sequentibus
2703 1821 2905 1904 poetis

665 1930 1018 1995 adhibetur.
1112 1930 1356 1995 Deinde
1388 1930 1618 2009 autem,
1650 1947 1797 2012 qua
1845 1928 1920 1991 de
1954 1947 2143 1992 causa
2189 1928 2552 1993 mostellum
2589 1928 2904 2008 ascendat,

666 2038 720 2103 si
769 2028 1151 2121 quaerimuS‚
1200 2036 1580 2117 Patroclum,
1630 2037 1703 2099 ut
1749 2036 1917 2099 terra
1964 2035 2288 2117 condatur,
2362 2036 2683 2118 postulare
2729 2034 2905 2099 vide-

666 2162 830 2209 mus,
925 2144 1140 2209 Prisca
1187 2143 1356 2207 enim
1408 2142 1627 2225 populi
1676 2141 2039 2224 superstitio
2088 2142 2183 2206 est
2230 2137 2557 2205 hominum
2607 2141 2901 2206 inhuma-

666 2253 877 2314 torum
908 2248 1150 2314 animas
1184 2248 1635 2332 vagari-neque
1668 2247 1843 2330 prius
1877 2248 1942 2310 in
1976 2248 2312 2312 Tartarum
2347 2248 2667 2331 pervenire
2701 2268 2902 2331 posse,

667 2376 853 2440 quam
905 2375 1160 2438 corpora
1205 2354 1452 2445 sepulta
1500 2356 1648 2436 sint,
1724 2374 1847 2437 qua
1896 2354 1971 2417 de
2044 2373 2233 2418 causa
2282 2355 2472 2419 etiam
2543 2356 2608 2418 in
2670 2354 2905 2419 litteris

666 2463 828 2529 hanc
877 2463 1234 2547 opinionem
1270 2481 1621 2545 expressam
1657 2461 2015 2525 invenimus
2041 2462 2106 2542 ¹).
2170 2462 2333 2526 Tum
2368 2464 2535 2544 quod
2568 2461 2903 2537 consilium

670 2712 817 2781 apud
844 2712 1081 2767 Statium
1120 2710 1312 2779 (Theb.
1337 2712 1395 2766 11
1435 2712 1502 2766 50
1531 2713 1690 2782 sqq.)‚
1749 2710 2107 2767 Plutarchum
2147 2711 2277 2782 (περὶ
2314 2718 2417 2763 τῶν
2474 2712 2569 2765 ὑπὸ
2623 2716 2710 2763 τοῦ
2768 2710 2904 2765 θείου

669 2800 890 2871 βραδέως
945 2801 1336 2871 τιμωρουμένων
1392 2801 1494 2855 567
1554 2796 1596 2851 E
1656 2800 1778 2870 [111.
1839 2820 1891 2871 p.
1934 2804 2037 2855 465
2096 2801 2405 2870 Bernard.])
2481 2802 2746 2857 Aridaeus
2786 2802 2903 2871 qui-

669 2890 794 2945 dam
831 2903 1080 2946 mortuus
1116 2896 1331 2959 τριταῖος
1369 2890 1462 2943 ubi
1501 2890 1713 2960 revixit,
1754 2888 1839 2959 [ut
1878 2888 1964 2956 Er,
2017 2882 2238 2944 Armeni
2277 2890 2447 2957 filius,
2485 2907 2672 2961 pugna.
2710 2906 2899 2944 caesus

664 2996 784 3033 cum
816 3007 820 3011 ·
851 2977 1188 3035 δωδεκαταῖος
1222 2980 1491 3039 revixerit,
1555 2996 1696 3049 quae
1753 2982 1963 3034 interea
2017 2979 2233 3047 viderit,
2282 2986 2471 3034 narrat
2509 2979 2651 3034 Plat.
2690 2980 2900 3049 republ.

663 3070 712 3124 X
753 3069 855 3125 614
892 3070 938 3125 B
979 3068 1113 3140 sqq.]
1159 3069 1449 3125 Tartarum
1490 3068 1800 3123 drscribens
1838 3074 1899 3123 se'
1934 3068 2235 3124 nonnullas.
2259 3067 2533 3139 τετριγυίας
2570 3067 2664 3120 ὑπὸ
2703 3069 2902 3140 μνήμης

665 3158 753 3211 καὶ
793 3156 940 3227 ὀργῆς
997 3158 1068 3211 ὧν
1107 3156 1291 3210 ἔπαθον
1331 3152 1388 3209 δι’
1433 3156 1588 3213 αὐτάς
1645 3158 1853 3213 animas
1892 3158 2097 3215 vidisse
2132 3160 2365 3225 narrat);
2418 3158 2565 3228 apud
2604 3158 2899 3213 Lucianum

669 3248 934 3318 (Menipp.
973 3264 1214 3318 necyom.
1260 3248 1364 3314 11),
1413 3249 1510 3302 ubi
1547 3247 1883 3318 Menippum,
1941 3248 2035 3317 qui
2084 3264 2205 3301 cum
2238 3247 2677 3302 Mithrobarzane
2739 3264 2899 3314 mago

667 3337 724 3389 iu
764 3334 1052 3406 asphodeli
1089 3339 1309 3405 pratum
1347 3337 1536 3403 venit„
1559 3336 1955 3390 circumvolant
1990 3343 2253 3406 τετριγυῖαι
2288 3342 2391 3388 τῶν
2431 3342 2619 3405 νεκρῶν
2658 3336 2706 3387 αἱ
2745 3334 2901 3401 catast

669 3424 811 3494 apud
857 3423 1252 3479 Philostratum
1290 3425 1452 3495 imag.
1490 3425 1519 3479 Ι
1555 3426 1592 3477 4
1630 3425 1694 3492 (t.
1732 3424 1789 3479 H
1827 3440 1879 3493 p.
1918 3425 2110 3488 300,17
2152 3425 2234 3479 ed.
2274 3426 2479 3495 mys),
2518 3427 2613 3495 qui
2652 3426 2898 3481 Menoeci

664 3513 966 3583 depingens
1005 3517 1237 3569 mortem
1276 3512 1344 3567 de
1380 3514 1637 3568 stridenti
1664 3515 1846 3567 anima
1885 3514 2002 3567 eius
2039 3513 2318 3584 loquitur3
2358 3514 2506 3585 apud
2532 3512 2897 3569 Claudianum

663 3602 743 3668 (in
780 3601 907 3656 Rus.
933 3602 962 3656 I
1007 3602 1105 3657 123
1142 3604 1301 3674 sqq.).

852 3708 892 3776 ²)
931 3708 1108 3763 Multa
1144 3707 1310 3763 huius
1347 3709 1428 3763 rei
1457 3709 1703 3779 exempla
1740 3709 1888 3777 apud
1912 3709 2243 3780 posteriores
2280 3716 2474 3779 poetas
2515 3715 2572 3764 et
2599 3712 2896 3780 scriptores

668 3795 825 3853 nobis
863 3802 1082 3867 praesto
1123 3802 1269 3864 sunt,
1325 3798 1382 3852 in
1420 3815 1556 3868 quos
1596 3814 1717 3853 cum
1773 3798 1917 3853 hanc
1952 3799 2400 3868 superstitionem
2440 3804 2556 3853 tum
2598 3800 2893 3856 Homerum

663 3901 915 3954 magnam
960 3887 1069 3940 vim
1114 3886 1372 3941 habuisse
1425 3893 1674 3957 apertum
1702 3892 1814 3943 est:
1856 3886 2001 3956 apud
2027 3886 2437 3958 Theopompum
2464 3888 2643 3957 (frgm.
2668 3888 2770 3942 317
2812 3889 2898 3942 ed.

651 3972 858 4041 Hunt),
921 3974 1017 4029 ubi
1073 3974 1265 4043 Cillus,
1341 3975 1562 4047 Pelopis
1620 3976 1831 4045 auriga,
1892 3975 1959 4031 ab
2022 3993 2085 4030 eo
2160 3978 2213 4029 in
2278 3978 2504 4044 somnio,
2581 3986 2643 4032 ut
2705 3978 2896 4033 funere

663 4062 941 4129 efferatur,
978 4064 1154 4133 petit3
1180 4063 1591 4134 Lycophronem
1632 4064 1704 4131 (v.
1727 4064 1830 4118 907
1852 4066 1975 4135 sq.),
2016 4064 2111 4119 ubi
2136 4065 2443 4121 Cassandra
2482 4067 2548 4121 de
2575 4066 2895 4137 Polypoetis

660 4152 822 4206 sociis
860 4151 1124 4223 loquitur,
1181 4154 1276 4225 qui
1313 4152 1498 4224 ἄταφοι
1537 4152 1586 4204 ἐν
1626 4154 1821 4223 πέτραις
1858 4153 2019 4207 αἰῶνα
2054 4152 2389 4220 κωκύσουσιν;
2456 4156 2602 4225 apud
2640 4150 2897 4210 Ovidium

661 4240 816 4308 (Met.
874 4240 978 4295 XI·
1021 4242 1124 4295 653
1170 4248 1328 4313 sqq),
1386 4242 1480 4297 ubi
1537 4241 1730 4313 Ceycis
1785 4244 1978 4299 umbra
2033 4260 2254 4297 uxorem
2314 4252 2451 4307 orat,
2520 4249 2581 4299 ut
2639 4245 2899 4314 lugeatur

666 4336 724 4385 et
760 4330 932 4398 (Fast.
973 4329 1022 4385 V
1059 4332 1162 4385 457
1202 4331 1366 4402 sqq),
1423 4330 1518 4385 ubi
1559 4331 1759 4387 Remus
1800 4348 1833 4385 a
1869 4332 2041 4387 fratre
2078 4332 2240 4386 modo
2278 4338 2505 4386 necatus
2534 4332 2798 4387 Faustulo
2838 4338 2897 4387 et

669 4418 845 4473 Accae
883 4422 1116 4489 apparet
1153 4425 1226 4487 et,
1281 4425 1571 4492 postquam
1611 4421 1872 4488 narravit,
1910 4420 2181 4491 quomodo
2218 4420 2539 4476 interfectus
2578 4422 2669 4485 sit,
2720 4420 2787 4475 ab
2826 4422 2897 4475 iis

661 4508 820 4578 petit,
840 4512 904 4560 ut
928 4506 1074 4561 hunc
1096 4507 1239 4562 diem
1260 4508 1316 4561 in
1337 4513 1614 4580 posterum
1651 4508 1942 4575 celebr-eun
1960 4508 2107 4579 apud
2129 4508 2449 4565 Suetonium
2462 4510 2479 4565 (
2484 4509 2773 4579 Ganges),
2784 4509 2897 4579 qui,
