3242 5059
1239 388 1488 451 ...2¹5
1587 348 1669 435 -'

335 582 608 665 speciem
654 583 940 665 tetigerit
987 583 1299 648 somnium
1348 602 1630 647 narrans,
1730 583 2001 648 Patrocli
2064 585 2302 649 larvam
2360 583 2575 667 aliquo

337 689 518 754 modo
567 690 630 754 in
687 690 896 756 fabula
974 690 1104 777 sive
1151 691 1440 774 agentem
1512 689 1645 754 sive
1716 692 2030 756 narratam
2102 690 2417 756 exstisisse
2465 710 2575 775 pro

335 798 502 863 certo
550 798 770 879 habeo,
820 816 965 862 nam
1013 799 1074 862 et
1122 797 1499 880 exemplaria
1533 796 1773 861 Graeca
1818 798 2107 863 accurate
2149 797 2425 863 Ennium
2474 817 2574 863 ex-

340 904 642 986 pressisse
692 905 755 969 et
785 904 862 969 ad
896 904 1179 968 manium
1213 923 1505 968 ascensus
1539 908 1600 969 et
1634 905 1878 987 spectra
1908 903 2314 970 inclinavisse
2349 904 2576 969 docent

336 1010 686 1094 Polydorus
734 1010 797 1075 in
849 1010 1106 1075 Hecuba
1162 1012 1224 1075 et
1270 1011 1596 1075 annalium
1653 1010 1750 1075 illi
1797 1010 1917 1075 loci
1987 1012 2063 1092 (Ι,
2142 1010 2330 1095 frgm.
2378 1010 2466 1075 1v
2514 1012 2579 1075 et

336 1116 711 1198 XXVIII)¹).
805 1118 990 1198 Tum,
1063 1117 1229 1201 quod
1302 1117 1517 1200 magni
1589 1118 1888 1182 momenti
1941 1118 2056 1199 est,
2127 1118 2401 1189 Patrocli
2473 1136 2571 1181 as·

341 1243 595 1287 censum
645 1223 711 1287 in
759 1226 1035 1307 posteros
1084 1226 1297 1307 poetas
1347 1226 1587 1288 tantam
1640 1226 1765 1288 vim
1814 1225 1880 1288 in
1930 1224 2327 1309 depingendo
2362 1224 2575 1308 aliquo

337 1349 595 1394 ascensu
631 1330 988 1395 exhibuisse
1021 1328 1254 1396 scimus
1289 1333 1370 1410 et,
1398 1333 1470 1395 ut
1504 1331 1774 1395 Achillis
1812 1330 2185 1415 Polyxenam
2218 1330 2566 1415 flagitantis

334 1438 581 1519 umbra,
674 1438 1035 1522 ubicunque
1110 1438 1348 1503 occasio
1432 1439 1719 1517 dabatur,
1790 1440 2005 1521 poetae
2076 1438 2175 1503 usi
2246 1440 2413 1520 sunt,
2488 1437 2579 1501 ita

336 1544 610 1610 Patrocli
659 1544 1001 1629 imaginem
1051 1546 1325 1611 Ennium
1376 1545 1777 1628 usurpavisse
1835 1545 2187 1629 putandum
2236 1547 2349 1611 est.

513 1667 762 1735 Similia
809 1671 886 1734 de
912 1670 1183 1736 Achillis
1231 1671 1456 1735 umbra
1482 1671 1859 1754 Polyxenam
1907 1672 2198 1753 poscente
2232 1670 2298 1735 in
2329 1670 2572 1736 Andro-

335 1776 557 1841 macha
629 1777 1005 1843 aechmaloti
1078 1779 1290 1861 (frgm.
1343 1777 1518 1858 VIII)
1590 1778 1796 1842 dicere
1865 1796 2198 1862 possumus
2248 1777 2577 1841 Ribbeckii

337 1883 699 1967 opinionem
715 1883 768 1966 ²)
816 1884 1037 1965 secuti,
1087 1885 1197 1969 qui
1244 1884 1310 1949 iu
1360 1885 1474 1950 illo
1521 1885 1785 1967 cantico,
1853 1884 2021 1969 quod
2066 1886 2165 1949 est
2213 1885 2288 1948 de
2334 1885 2574 1966 tempe-

334 1993 494 2057 state
528 1992 905 2056 Graecorum
937 1992 1203 2058 classem
1235 1992 1504 2074 arcente,
1552 1992 1824 2057 Achillis
1858 1992 2271 2057 simulacrum
2304 2004 2573 2057 comme-

334 2100 646 2163 moratum
693 2117 828 2164 esse
874 2100 1102 2164 censet.

513 2205 755 2269 Ennius
788 2205 1130 2290 tragoediis
1163 2206 1294 2271 suis
1327 2208 1391 2271 et
1422 2206 1777 2288 annalibuS,
1827 2208 1899 2272 ut
1929 2207 2096 2271 infra
2111 2204 2158 2290 ⁸)
2194 2205 2575 2287 videbimuS,

341 2312 416 2375 ad
468 2314 820 2377 animarum
869 2332 1162 2380 ascensus
1211 2333 1408 2397 genus
1467 2314 1974 2399 pervulgandam
2022 2314 2186 2398 apud
2245 2312 2577 2396 scriptores

343 2420 615 2485 multum
664 2419 884 2487 valuit.
2187 2415 2194 2422 ’
2436 2471 2441 2476 -

513 2526 606 2591 De
715 2528 909 2595 Accii
1013 2528 1420 2611 Neoptolemo
1542 2528 1706 2594 nihil
1814 2528 2147 2612 constat4).
2289 2528 2576 2593 Fortasse

341 2633 609 2698 Achillis
667 2637 982 2717 spectrum
1044 2638 1156 2699 aut
1215 2634 1589 2718 legatorum,
1629 2635 1749 2719 qui
1795 2635 2275 2719 Neoptolemum
2322 2634 2573 2700 Troiam

337 2742 741 2823 arcesserent,
857 2743 1046 2807 verba
1147 2742 1559 2808 confirmavit.
1695 2744 1805 2808 aut
1898 2742 2263 2807 Deidamiae
2365 2742 2575 2807 futura

337 2848 658 2929 praedixit.

511 2956 586 3019 In
619 2956 971 3021 Troadibus
1003 2955 1272 3022 Achillis
1321 2956 1600 3022 animam
1647 2958 2001 3023 escendisse
2050 2977 2083 3021 e
2123 2958 2387 3021 Tartaro
2421 2958 2576 3021 satis

337 3062 611 3139 constat3
684 3065 928 3145 poetam
977 3061 1300 3147 Sophoclis
1350 3063 1731 3147 Polyxenam
1800 3068 1945 3130 ante
2004 3065 2217 3131 oculos
2279 3063 2576 3129 habuisse

342 3167 501 3231 mihi
550 3169 893 3234 verisimile
937 3169 1189 3235 videtur
1233 3171 1590 3254 fragmenta
1621 3171 1943 3255 Sophoclis
1985 3172 2143 3254 (480
2178 3171 2259 3244 Ν)
2306 3172 2369 3236 et
2400 3170 2577 3236 Accii

336 3276 483 3354 (inc.
534 3274 656 3338 inc.
692 3275 816 3341 fab.
865 3276 1228 3360 XXXVIII)
1275 3278 1687 3362 comparanti.
1777 3278 1922 3344 Iure
1955 3278 2339 3343 Ribbeckius
2386 3278 2574 3344 illum

339 3381 654 3445 Ciceronis
702 3382 910 3448 locum
957 3384 1171 3467 (Tusc.
1222 3384 1383 3467 disp.
1432 3385 1485 3466 I,
1540 3388 1640 3465 16,
1690 3386 1803 3467 37)
1866 3387 1943 3450 ad
1994 3385 2255 3451 Accium
2303 3385 2572 3469 rettulit,

335 3487 448 3551 uhi
497 3487 770 3553 Achillis
820 3491 1046 3554 umbra
1089 3490 1372 3575 loquitur
1416 3492 1606 3557 haec:

335 3612 559 3675 adsum
605 3623 785 3698 atque
829 3615 1146 3678 advenio
1191 3615 1625 3681 Acherunte
1669 3620 1775 3681 vim
1820 3618 1920 3681 via
1966 3617 2096 3681 alta
2141 3630 2325 3703 atque
2370 3620 2577 3686 ardua

332 3739 460 3803 per
502 3720 895 3803 speluncas
937 3724 1144 3785 saxis
1188 3734 1527 3787 structas
1572 3727 1871 3809 asperia
1907 3726 2427 3809 pendentibus

333 3829 666 3904 maxumis,
712 3826 823 3891 ubi
867 3829 1080 3913 riyida
1125 3840 1359 3894 constat
1404 3852 1672 3895 crassa
1716 3832 1961 3917 caliyo
2009 3833 2309 3917 infem‘m.

511 3950 697 4034 Apud
747 3951 1114 4035 Sophoclem
1162 3956 1406 4021 exstant
1451 3974 1701 4021 versus:

515 4182 556 4251 ι)
595 4180 680 4239 Cf.
717 4183 862 4239 infra
897 4200 950 4254 p.
990 4184 1060 4241 28
1085 4202 1168 4256 eq.

511 4268 558 4339 ²)
593 4272 649 4327 L.
689 4271 728 4327 1.
767 4289 820 4343 p.
865 4272 980 4329 140.

511 4359 556 4428 ⁸)
594 4359 657 4415 P.
696 4361 765 4415 28
791 4377 914 4432 sqq.

514 4450 560 4518 ⁴)
597 4449 680 4505 Cf.
716 4448 1071 4507 Ribboekium
1096 4450 1146 4523 ¹l.
1182 4451 1220 4507 1.
1257 4470 1312 4523 p.
1349 4452 1472 4510 408.
