3242 5059
1255 376 1695 443 ...23-

365 572 492 652 tur,
543 572 752 654 imago
801 571 1158 648 evanescit;
1209 573 1410 635 mater
1456 570 1676 635 infelix
1708 570 2117 637 simulacrum
2165 572 2401 637 trustra
2447 574 2597 637 retl-

363 698 509 743 uere
557 670 817 743 conatur
864 677 1140 743 clamans
1193 678 1406 761 (frgm.
1459 678 1566 759 V):
2242 754 2245 757 ⁴

533 808 650 871 aye
691 796 848 851 asta.
899 812 904 818 ·
937 790 1125 849 ‘mane
1170 786 1368 851 audi:
1416 787 1574 849 itera
1621 786 1773 849 dum
1816 786 2059 849 eaedem
2104 788 2291 851 istaec
2334 784 2495 849 mihi

359 894 421 957 et
467 912 698 975 servoS‚
767 894 842 957 ut
913 912 1134 977 corpus
1193 892 1517 975 quaerant,
1587 892 1877 959 dimittit.
1990 891 2175 971 Quod
2224 892 2603 957 Graecorum

361 1000 678 1082 exemplar
724 1001 906 1082 poeta
953 1000 1206 1064 secutus
1255 998 1359 1080 sit,
1409 1018 1590 1063 nemo
1640 998 1842 1081 scit1).
1940 998 2098 1065 Cum
2144 1000 2319 1065 larva
2366 1018 2475 1063 nos
2524 999 2604 1064 ad

362 1106 742 1190 Polydorum
813 1106 1228 1190 Euripideum
1299 1107 1511 1189 aperte
1559 1105 1823 1189 revocet,
1858 1108 2076 1189 poetae
2122 1106 2239 1171 hoc
2286 1108 2601 1189 spectrum

357 1214 504 1278 aute
551 1214 762 1277 oeulos
812 1216 1124 1278 versatum
1173 1232 1308 1277 esse
1340 1214 1513 1295 puto.
1584 1214 1862 1296 Utroque
1907 1214 2040 1278 loco
2086 1211 2448 1279 mostellum
2494 1233 2605 1297 per

357 1321 486 1385 vim
520 1322 812 1384 necatum
843 1318 1056 1403 prodit
1078 1318 1406 1403 prologum
1455 1338 1737 1400 narrans,
1786 1321 2053 1405 utroque
2098 1319 2255 1401 loco,
2304 1321 2377 1384 ut
2419 1340 2599 1403 sepe-

353 1427 566 1507 liatur,
639 1428 774 1491 orat
839 1426 1014 1507 (Hec.
1064 1445 1122 1491 v.
1174 1428 1256 1489 47
1298 1444 1437 1509 sqq.
1489 1446 1556 1471 =
1603 1426 1788 1491 Ilion.
1836 1426 1927 1491 IV
1975 1428 2068 1508 2),
2134 1428 2400 1513 utroque
2468 1428 2603 1492 loco

357 1551 422 1599 se
469 1536 548 1599 ad
596 1534 787 1598 maris
815 1534 968 1599 litus
1016 1533 1252 1598 iactum
1302 1552 1435 1597 esse
1485 1532 1640 1597 dicit
1693 1531 1867 1617 (Hec.
1919 1554 1978 1597 v.
2030 1535 2111 1599 28
2162 1552 2296 1619 sqq.
2326 1552 2391 1581 ==
2417 1532 2601 1599 Ilion.

357 1641 443 1705 IV
493 1643 532 1705 4
582 1640 730 1725 sq.),
779 1640 1044 1722 utroque
1089 1638 1224 1705 loco
1273 1640 1444 1705 filius
1492 1641 1683 1705 matri
1730 1642 2009 1725 apparet,
2069 1640 2403 1725 Deiphilus
2458 1646 2603 1706 ante

356 1748 645 1829 matrem,
717 1748 1066 1830 Polydorus
1139 1748 1283 1811 ante
1342 1746 1562 1824 matris
1619 1747 1965 1811 tentorium
2014 1747 2315 1812 ascendit.
2413 1748 2599 1813 Prae-

359 1857 528 1919 terea
549 1854 772 1919 harum
802 1854 1271 1937 tragoediarum
1305 1856 1677 1939 argumenta
1726 1855 1891 1919 inter
1938 1874 2003 1919 se
2052 1853 2385 1920 simillima
2432 1856 2599 1920 sunt.

361 1961 434 2024 In
484 1961 714 2045 speciei
759 1960 1206 2043 compositione
1251 1961 1510 2025 Homeri
1559 1980 1804 2043 quoque
1836 1961 2107 2043 vestigia
2152 1962 2507 2027 invenimus
2525 1960 2597 2045 ²),

359 2088 504 2132 nam
553 2068 615 2132 et
661 2069 1106 2151 argumentum
1153 2068 1643 2133 similit-udinem
1706 2068 2025 2151 quandam
2070 2068 2323 2133 exhibet
2370 2070 2432 2133 et
2500 2069 2595 2134 lo-

335 2175 640 2241 cutiones
720 2176 818 2239 vel
889 2175 1234 2240 sententiae
1305 2174 1549 2259 aliquot
1617 2194 1800 2258 pares
1874 2176 2055 2261 sunt;
2103 2194 2400 2241 versuum
2456 2194 2597 2240 sen-

247 2278 254 2285 ’
351 2283 580 2367 tentia:

531 2440 544 2455 .
598 2439 614 2455 .
665 2438 678 2452 .
729 2400 821 2451 tu
866 2409 1074 2473 quae
1118 2410 1203 2453 cu
1231 2410 1400 2451 ram
1445 2409 1711 2453 somno
1756 2409 2263 2472 suspensam
2310 2388 2541 2453 levas

503 2518 798 2580 ,neque
844 2506 920 2559 te
961 2486 1121 2559 mei
1164 2486 1548 2577 mise-ret,
1597 2499 2270 2579 suryeetsepecz'
2312 2506 2603 2559 natum

359 2603 693 2686 respondet
737 2602 834 2667 his
881 2602 1230 2667 Homericis
1278 2600 1370 2685 (Ψ
1419 2605 1501 2667 69
1551 2604 1613 2667 et
1664 2602 1802 2691 7l):

381 2736 392 2744 ··
528 2710 650 2774 εδδ
673 2732 795 2792 εις,
844 2708 1063 2793 αὐτὰρ
1111 2709 1313 2793 ἐμεῖο
1360 2708 1783 2792 λελασμένος
1829 2705 2067 2786 ἔπλευ,
2117 2706 2451 2795 Ἀχιλλεῦ
2484 2758 2499 2775 .
2529 2756 2589 2774 ..

527 2817 748 2881 θάπτε
797 2839 882 2900 με
929 2814 1074 2879 ὅττι
1120 2816 1452 2901 τάχιστα.

530 2925 760 2989 Eodem
823 2923 1006 2989 modo
1087 2922 1540 3008 Clytaemestra
1611 2924 1777 3006 apud
1856 2922 2239 3007 Aeschylum
2286 2922 2493 3005 (Eum.
2542 2943 2599 2988 v,

352 3032 436 3096 94
485 3033 547 3095 et
619 3052 672 3099 v,
733 3033 884 3114 116)
955 3030 1023 3094 in
1101 3031 1347 3097 somnio
1408 3029 1865 3097 Eumenidibus
1942 3048 2247 3114 apparens
2322 3031 2605 3115 loquitur

350 3136 536 3202 haec:

538 3244 742 3307 εὕδοιτ’
793 3244 881 3327 ἄν,
929 3247 1040 3330 ὠή,
1091 3246 1188 3311 καὶ
1233 3246 1643 3309 καθευδουσῶν
1686 3245 1744 3307 τί
1786 3246 1877 3307 δεῖ
1918 3290 1934 3307 .
1986 3290 2001 3306 .
2052 3294 2066 3309 .

541 3349 676 3435 ὄναρ
724 3350 832 3435 γὰρ
881 3353 1030 3436 ὑμᾶς
1073 3356 1166 3415 νῦν
1213 3349 1665 3438 Κλυταιμήστρα
1710 3354 1872 3417 καλῶ
1894 3350 1961 3434 ⁸).

503 3584 508 3588 -
547 3547 588 3615 ¹)
629 3545 714 3601 Cf.
751 3546 1123 3615 Ribbeckium,
1158 3547 1253 3602 1.1.
1290 3566 1344 3618 p.
1383 3547 1504 3603 238.

533 3636 577 3703 ¹)
617 3636 793 3703 Quam
848 3637 956 3690 vim
1008 3636 1277 3693 Homerus
1333 3637 1444 3692 ism
1479 3637 1538 3691 in
1576 3636 1849 3707 Euripidis
1902 3636 2231 3707 Polydorum
2268 3636 2599 3707 exhibuerit,

356 3726 478 3781 vide
516 3741 682 3796 supra
719 3743 773 3795 p.
818 3726 882 3779 16
920 3742 1001 3795 sq.

527 3814 574 3882 ⁸)
613 3813 696 3869 Of.
757 3830 924 3884 supra
985 3833 1038 3885 p.
1107 3817 1182 3869 14.
1243 3846 1308 3855 -
1366 3816 1572 3873 Eodem
1628 3819 1787 3872 modo
1856 3818 2226 3888 posteriorum
2289 3822 2603 3887 temporum

358 3909 552 3973 poetae
591 3903 828 3959 libenter
863 3902 1006 3957 hanc
1043 3906 1370 3960 sententiam
1407 3906 1630 3961 umbras
1660 3905 1953 3978 loquentes
1997 3906 2231 3974 faciunt,
2266 3910 2329 3961 ut
2369 3904 2602 3976 Proper-

347 3994 464 4048 tius
500 3992 600 4060 (IV
639 3992 808 4061 7‚14),
843 3991 941 4047 ubi
978 3991 1214 4063 Cynthia
1251 3999 1449 4064 poetae
1486 3999 1717 4065 apparet
1756 3994 2091 4051 exclamans:

669 4081 878 4151 Perfida
915 4122 930 4137 .
971 4123 984 4137 .
1024 4124 1038 4137 .

671 4171 736 4225 In
773 4172 824 4226 te
860 4173 968 4225 iam
1002 4174 1138 4227 vires
1175 4191 1380 4227 somnus
1417 4174 1604 4228 habere
1637 4177 1853 4245 puteum,

500 4260 712 4315 Statius
747 4259 944 4327 (Theb.
981 4259 1041 4315 Π
1086 4261 1226 4329 101),
1260 4261 1490 4317 Nonnus
1523 4262 1591 4331 (V
1630 4264 1754 4331 415,
1808 4260 2008 4318 XLVII
2068 4264 2187 4331 161,
2223 4260 2456 4317 XLVIII
2492 4260 2601 4316 58⁸

359 4364 478 4419 sqq.
517 4350 554 4415 ).
617 4348 876 4405 Videmus
905 4349 1094 4420 igitur,
1146 4352 1416 4419 quomodo
1453 4351 1596 4406 hanc
1634 4351 1701 4406 ab
1741 4350 1977 4407 Homero
2016 4356 2229 4423 partam
2267 4350 2602 4406 seutentiam

353 4439 572 4509 posteri
608 4438 887 4493 imitantes
926 4438 1326 4509 usurpaverint.
1596 4452 1601 4455 ’
2624 4427 2629 4433 ’
