3242 5059
1185 432 1626 497 ..g-⁴7...

628 628 659 697 ’.
708 630 995 715 iuquwm
1036 648 1185 693 ‘mooe
1229 628 1409 691 caede
1445 626 1756 712 patentem
1815 656 1818 658 “
1861 654 1886 659 ··

392 782 397 787 -
498 738 697 801 nudat
744 748 799 799 et
842 738 1112 799 undanti
1155 735 1487 819 perfundit
1519 735 1774 797 *vulnere
1817 754 2120 797 somnum.
2171 788 2174 791 ,

470 898 749 964 Eteocles
798 898 1200 981 perturbatus
1251 915 1322 960 ac
1368 890 1740 979 perterritus
1787 915 1818 957 e
1862 892 1990 957 t'oro
2037 903 2099 956 se
2148 894 2409 985 corripit
2476 938 2490 977 ἶ

346 996 349 999 ⁴
406 994 413 999 ⁸
1179 1003 1183 1008 ’
1592 1014 1940 1085 vanumque
1987 1022 2268 1064 cruorem
2383 1086 2386 1089 Α
2491 988 2496 999 ’

512 1114 819 1175 excutiens
862 1110 1051 1173 simul
1098 1109 1323 1205 horret·
1348 1130 1535 1195 avum
1576 1108 1962 1203 fratremque
2003 1110 2288 1196 requirit.
2361 1132 2364 1136 ·

296 1274 485 1357 tigris
536 1272 789 1354 simili3‚
840 1290 997 1355 quae
1043 1271 1155 1335 ubi
1203 1270 1570 1335 venantium
1617 1270 1968 1335 tumultum
1999 1271 2196 1351 audit,
2235 1290 2533 1337 somnum

289 1380 541 1446 excutit.
634 1378 897 1462 Saepius
962 1379 1091 1443 iam
1160 1378 1437 1442 vidimus
1485 1376 1699 1458 larvis,
1757 1379 1842 1442 ut·
1887 1376 2160 1461 aliquem
2198 1378 2536 1443 incitarent

281 1490 351 1551 et
428 1486 855 1567 stimularent,
934 1486 1146 1567 poetas
1224 1503 1369 1550 usos
1446 1502 1634 1561 esse,
1711 1482 1950 1549 Statius
2036 1485 2234 1568 igitur
2310 1504 2533 1551 novam

292 1592 670 1659 ascendendi
704 1610 956 1657 causam
988 1610 1108 1655 non
1142 1590 1425 1669 invenit;
1472 1590 1656 1673 poeta
1689 1592 2010 1673 spectabat
2041 1592 2127 1673 id,
2151 1594 2271 1657 -ut
2293 1593 2537 1677 spectro

290 1701 527 1782 quippe
568 1700 733 1783 quod
770 1698 891 1763 diis
926 1697 1284 1762 auctoribus
1320 1698 1630 1761 Eteoclem
1660 1697 2113 1780 adhortaretur,
2161 1700 2235 1764 ut
2279 1698 2537 1764 fratrem

290 1808 705 1881 revertentem
752 1824 947 1888 regno
1010 1806 1265 1882 arceret,
1334 1805 1642 1867 actionem
1688 1805 2010 1886 proferret.
2105 1805 2278 1870 Novo
2326 1808 2535 1870 autem

292 1914 485 1977 modo
520 1912 756 1977 Statius
792 1912 1001 1975 larvae
1056 1928 1381 1975 ascensum
1406 1897 1618 1987 fin'xit;
1655 1911 1844 1975 ceteri
1877 1911 2044 1975 enim
2078 1913 2294 1994 poetae
2317 1912 2534 1996 paucis

286 2022 497 2087 verbis
545 2019 644 2084 vel
692 2018 976 2083 versibus
1012 2017 1321 2101 quomodo
1370 2018 1712 2100 appareant
1767 2018 2106 2083 simulacra
2146 2019 2532 2103 exprimunt,

288 2128 531 2193 Statius
584 2143 913 2189 ascensum
962 2125 1039 2189 ab
1115 2123 1257 2188 Iove
1301 2124 1366 2188 in
1418 2123 1674 2189 deorum
1725 2124 1985 2189 concilio
2034 2126 2336 2192 constitui
2382 2128 2534 2192 facit

288 2240 351 2299 et
400 2233 711 2313 accurate,
792 2236 1063 2315 quanam
1113 2232 1213 2294 via
1262 2230 1483 2295 umbra
1554 2251 1626 2295 ex
1675 2230 1832 2296 Orco
1880 2251 2132 2314 egressa
2179 2233 2283 2313 sit,
2344 2234 2534 2299 variis

290 2340 609 2407 coloribus
658 2338 1115 2422 sententiisque
1162 2356 1464 2403 exornans
1512 2337 1804 2421 depingit
1873 2340 1934 2403 et
1980 2339 2206 2404 Laium
2257 2360 2375 2404 non
2413 2359 2538 2405 ”sua

296 2449 402 2513 sed
484 2446 630 2511 ficta
690 2446 908 2519 ,forma
987 2444 1279 2508 indutum
1330 2447 1730 2526 apparentem
1781 2444 2045 2524 inducit,
2127 2446 2396 2529 denique
2445 2466 2537 2528 eo,

296 2554 462 2639 quod
512 2554 826 2635 spectrum
870 2570 1081 2615 veram
1131 2550 1353 2615 faciem
1403 2550 1663 2633 detegit,
1713 2552 1854 2634 apte
1901 2552 1963 2615 et
2009 2552 2162 2617 scite
2209 2572 2537 2618 ascensum

297 2662 461 2725 finit.
556 2660 954 2743 Quamquam
1026 2658 1175 2722 haec
1247 2658 1489 2740 ingenii
1560 2659 1626 2721 et
1673 2659 1986 2724 sollertiae
2044 2678 2176 2725 esse
2221 2660 2537 2740 videntur,

289 2771 500 2833 tamen
573 2765 925 2829 accuratius
996 2764 1450 2845 investigantes
1522 2763 1798 2830 Statium
1869 2768 2217 2831 multorum
2287 2769 2532 2833 antece-

292 2875 576 2939 dentium
651 2875 972 2956 poetarum
1055 2870 1336 2953 exempla
1405 2870 1594 2936 simul
1644 2872 1966 2939 imitatum
2019 2874 2212 2956 quasi
2260 2876 2537 2939 saturam

295 2980 627 3045 miscuisse
676 2977 1051 3042 videbimus.
1175 2976 1505 3058 Mercurio,
1578 2980 1660 3061 ut·-
1711 2976 1852 3044 Laii
1924 2980 2332 3045 simulacrum
2383 2982 2532 3046 edu-

301 3088 486 3167 ceret,
536 3087 718 3168 poeta
764 3103 915 3147 usus
965 3085 1077 3164 est,
1129 3084 1293 3167 quod
1332 3085 1405 3147 ad
1452 3086 1722 3167 priscam
1770 3087 2299 3171 superstitionem,
2349 3108 2538 3171 quam

295 3194 465 3276 apud
498 3192 841 3256 Homerum
874 3190 999 3255 iam
1033 3190 1409 3271 invenimuS,
1458 3193 1719 3272 accedit,
1768 3211 1914 3255 nam
1945 3192 2012 3255 in
2050 3218 2098 3255 ω
2147 3196 2228 3274 (v.
2275 3197 2341 3257 ll
2375 3198 2540 3279 sqq.)

292 3300 650 3365 Mercurius
695 3294 1079 3381 ψυχοπομπός
1126 3316 1385 3361 aureum
1434 3300 1772 3377 caduceum
1805 3300 2022 3364 tenens
2070 3298 2540 3364 interfectorum

298 3424 630 3490 procorum
665 3444 670 3447 -
710 3405 952 3468 animas
1025 3403 1091 3467 in
1132 3404 1475 3468 Tartarum
1521 3405 1921 3489 prosequitur
1991 3408 2056 3469 et
2099 3406 2164 3469 in
2216 3405 2539 3490 Euripidis

287 3512 639 3577 Protesilao
688 3511 1001 3576 maritum
1049 3511 1126 3574 ad
1177 3530 1428 3576 uxorem
1476 3511 1716 3592 educit3
1765 3511 1934 3595 apud
1959 3512 2300 3577 Homerum
2348 3513 2542 3596 etiam

286 3618 584 3698 breviter,
664 3635 787 3699 qua
854 3617 961 3681 via
1022 3636 1243 3681 manes
1321 3616 1603 3698 volitent,
1681 3617 2080 3683 describitur.
2131 3642 2133 3645 ⁴
2191 3618 2380 3684 Porro
2426 3619 2540 3684 ille

291 3724 645 3791 Ovidianus
698 3724 869 3787 locus
916 3724 1099 3806 (Met.
1136 3724 1225 3789 XI
1275 3725 1401 3789 583
1434 3729 1617 3808 sqq),
1668 3744 1809 3808 quo,
1859 3743 2016 3809 quae
2065 3726 2317 3790 omnino
2362 3726 2541 3791 illius

290 3834 512 3913 poetae
544 3830 765 3893 virtus
814 3830 1086 3911 insignis
1122 3833 1234 3911 est,
1285 3830 1587 3913 pingendi
1623 3834 1820 3897 artem
1866 3831 2241 3913 invenimuS,
2291 3835 2540 3897 senten-

296 3936 413 4003 tiis
454 3936 705 4019 aliquot
752 3938 1043 4018 congruit
1090 3955 1233 4000 cum
1268 3937 1565 4003 Statiano.
1647 3938 1766 4002 Iris
1785 3939 1829 4018 ¹)
1877 3936 1956 4002 ab
2003 3937 2240 4003 Iunone
2285 3937 2539 4023 missa2)

304 4045 537 4127 Somno
569 4043 856 4125 imperat,
906 4048 981 4107 ut
1026 4041 1243 4126 Ceycis
1291 4042 1587 4108 exstincti
1613 4043 1772 4110 facie
1802 4044 2064 4109 indutus
2097 4044 2176 4109 ad
2205 4044 2543 4126 Alcyonem

490 4311 537 4379 ¹)
572 4310 849 4388 Similiter
877 4309 1091 4364 Athena
1112 4286 1403 4381 'lpthimae
1440 4288 1795 4365 simulacrum
1832 4312 1996 4380 fingit
2031 4310 2080 4378 (ὃ
2121 4311 2223 4365 795
2245 4261 2402 4383 ¹sq'q.)

482 4397 527 4466 ⁸)
570 4398 742 4464 Qmm
784 4398 965 4453 locum
994 4399 1205 4453 Statius
1243 4400 1319 4466 (X
1357 4401 1425 4454 80
1464 4401 1607 4469 sqq.)
1635 4401 1888 4471 imitatus
1916 4406 2018 4466 est,
2058 4406 2120 4454 ut
2149 4400 2546 4459 demonstravit

296 4486 556 4543 Helmius
595 4487 627 4541 1.
670 4487 689 4541 l
745 4505 793 4558 p.
837 4489 899 4541 61
932 4503 1051 4558 sqq.

2164 4576 2225 4631 5}
