3242 5059
1590 370 2040 469 2-56'-

696 626 942 683 swmma
985 624 1047 665 se
1094 604 1311 667 'tollere
1392 604 1552 665 visus
1629 601 1706 665 ab
1782 602 1956 664 unda
2028 620 2218 685 prope
2277 600 2516 665 accedit
2581 600 2657 663 ad
2738 599 2940 673 illam,

701 730 859 796 quae
913 710 1131 775 exstat
1200 710 1265 773 in
1344 729 1529 775 versu
1601 711 1640 773 8
1717 708 1974 792 (Lucan.
2025 707 2146 789 III)
2223 706 2286 771 in
2369 706 2568 771 Iuliae
2646 700 2944 773 ascensuz

690 820 833 900 ,vi-m
931 828 1115 902 caput
1226 827 1522 879 maestum
1593 816 1828 880 tollere:
1923 816 2071 878 tales
2161 816 2336 879 edere
2452 834 2615 877 voces
2716 812 2947 895 incipit

698 926 897 1010 Hylas
968 927 1048 1006 (v.
1132 926 1263 1005 27),
1356 924 1431 988 ut
1516 923 1812 988 Anchisis
1907 924 2080 987 larva
2155 923 2305 985 tales
2397 921 2707 1006 effundere
2781 942 2946 987 voces

700 1034 879 1113 (Aen.
936 1032 984 1095 V
1034 1035 1069 1095 7
1078 1033 1207 1111 23).

877 1158 953 1223 In
998 1156 1244 1240 Amyci,
1314 1156 1667 1239 Bebrycum
1715 1155 1904 1239 regie,
1977 1156 2040 1220 et
2087 1154 2364 1219 Pollucis
2413 1155 2752 1219 certamine
2801 1174 2944 1219 um-

686 1265 855 1329 -brae
901 1282 1136 1344 eorum,
1187 1263 1297 1346 qui
1345 1261 1422 1327 ab
1470 1262 1708 1345 Amyco
1756 1262 2071 1325 interfecti
2119 1263 2315 1339 erant,
2375 1279 2518 1325 cum
2567 1280 2604 1325 a
2650 1261 2941 1341 Plutone,

696 1373 773 1436 ut
839 1370 916 1436 ad
964 1389 1197 1455 poenae
1268 1368 1626 1452 spectacula
1696 1368 2204 1447 admitterentur,
2276 1368 2667 1451 petivissent,
2744 1387 2779 1431 a
2827 1368 2943 1432 deo

700 1478 929 1542 missae
976 1476 1353 1555 ascendunt3
1426 1476 1577 1539 dum
1624 1476 1990 1556 ascendunt,
2061 1476 2294 1540 summi
2365 1476 2594 1540 montis
2665 1476 2947 1540 culmina

700 1584 1071 1667 nigrescunt
1117 1583 1228 1663 (lV
1264 1586 1389 1647 257
1428 1583 1612 1667 sqq.).
1709 1581 1782 1646 In
1833 1602 1896 1646 re
1947 1582 2162 1665 magni
2212 1584 2514 1647 momenti
2563 1583 2678 1647 hae
2726 1583 2940 1647 larvae

694 1702 1005 1775 apparent
1050 1690 1128 1754 ab
1180 1689 1523 1754 inferorum
1572 1690 1687 1753 deo
1734 1688 1872 1771 ipso
1923 1688 2170 1771 missae,
2221 1691 2292 1753 ut
2325 1688 2407 1770 id,
2463 1689 2628 1773 quod
2663 1691 2944 1775 spectare

701 1804 877 1883 ipsae
925 1798 1129 1876 avent,
1179 1798 1481 1881 spectent.
1577 1794 1783 1873 Quam
1831 1796 2207 1861 ascendendi
2281 1815 2534 1861 causam
2583 1816 2654 1861 ex
2721 1796 2942 1878 populi

704 1902 1146 1988 superstitione
1262 1903 1664 1986 repetendam
1782 1922 1915 1967 esse
2025 1904 2192 1986 puto.
2333 1904 2561 1969 Utrum
2648 1902 2940 1967 Valerius

699 2010 765 2076 in
813 2011 1057 2076 litteras
1132 2009 1293 2074 hanc
1340 2029 1632 2075 ascensus
1705 2030 1959 2074 causam
2009 2010 2426 2075 introduxerit
2497 2030 2573 2073 an
2625 2029 2662 2073 a
2709 2008 2944 2075 Seneca

697 2119 987 2201 pendeat,
1055 2116 1321 2191 difficile
1367 2117 1526 2181 mihi
1599 2117 1948 2182 diiudicare
1998 2117 2246 2181 videtur
2316 2136 2468 2193 esse.
2588 2115 2942 2199 Cassandra
3018 2130 3024 2134 ·

701 2224 870 2289 enim
939 2224 1109 2305 (Seu.
1184 2226 1405 2307 Agam.
1482 2225 1607 2288 756
1644 2226 1814 2309 sqq.)
1887 2243 2144 2288 suorum
2216 2243 2444 2289 manes
2504 2224 2801 2307 appellat,
2875 2225 2949 2289 ut

697 2330 1191 2413 Agamemnonis
1240 2330 1378 2395 neci
1425 2330 1722 2395 intersint
1745 2331 1807 2411 ¹).
1902 2330 2211 2395 Naturam
2269 2331 2622 2396 animarum
2681 2350 2946 2395 ascensu

700 2438 1075 2503 commoveri
1144 2436 1451 2518 videmus,
1524 2455 1670 2501 nam
1745 2438 1984 2502 montes
2045 2437 2434 2521 nigrescunt,
2507 2438 2616 2523 qui
2665 2439 2830 2516 color
2879 2436 2946 2501 in

698 2546 886 2610 rebus
934 2543 1152 2609 inferis
1202 2544 1474 2608 usitatus
1524 2546 1619 2609 est
1636 2544 1705 2628 θ).
1801 2546 1982 2610 Hanc
2028 2564 2182 2628 rem,
2244 2565 2435 2629 quam
2486 2544 2772 2610 Valerius
2820 2564 2944 2609 non

696 2653 832 2736 ipse
879 2652 1079 2734 finxit,
1152 2655 1367 2735 poetae
1416 2652 1931 2717 Caesarianorum
2003 2652 2268 2717 maxime
2329 2646 2686 2735 temporum
2761 2635 2945 2735 saepe

708 2760 1137 2826 adhibuerunt
1170 2762 1357 2842 atque
1382 2760 1782 2824 excoluerunt
1801 2758 1870 2842 3),
1907 2761 2073 2844 quod
2099 2761 2322 2825 docent
2346 2760 2661 2845 imprimis
2688 2758 2939 2840 Seneca,

2189 3030 2252 3065 ne

1122 3090 1422 3149 maestaque
1460 3084 1660 3165 sopitae
1697 3091 1793 3137 stet
1831 3100 1979 3137 soror
2017 3090 2137 3137 ame
2173 3092 2370 3147 torum,-

697 3205 933 3261 eandem
998 3206 1303 3261 invenimus
1367 3207 1515 3277 apud
1576 3206 1924 3275 Propertium
1987 3207 2090 3276 (IV
2145 3211 2222 3270 7),
2287 3209 2381 3278 qui
2433 3208 2728 3278 Cynthiam
2790 3208 2940 3261 videt

695 3296 990 3351 tmmmbere
1042 3296 1241 3365 fulcro,
1315 3294 1462 3365 apud
1538 3294 1790 3349 Ovidium
1877 3296 2032 3363 (Met.
2070 3297 2149 3351 XI
2205 3297 2330 3358 655)
2386 3299 2472 3351 ubi
2509 3298 2688 3368 Ceycis
2745 3298 2946 3361 umbra,

694 3386 927 3457 coniu9i⁸
987 3394 1107 3440 ante
1166 3393 1337 3439 torum
1398 3387 1624 3439 miserae
1661 3387 1840 3451 stetit3
1917 3386 2088 3453 (Fast.
2125 3386 2211 3439 III
2249 3387 2394 3455 639),
2460 3404 2567 3457 quo
2606 3386 2725 3440 loco
2773 3370 2930 3441 'Dido

656 3548 661 3552 ι
700 3484 821 3530 ante
858 3484 1029 3529 torum
1066 3476 1180 3529 visa
1219 3484 1295 3530 est
1331 3470 1545 3529 adstare
1583 3478 1776 3529 sororis
1816 3474 1906 3543 [=
1927 3475 2156 3545 Annae];
2197 3475 2364 3543 (Fast.
2393 3476 2440 3530 V
2467 3476 2612 3542 457),
2650 3475 2744 3529 ubi
2789 3475 2942 3529 Remi

702 3562 895 3620 umbra
917 3566 1031 3618 visa
1058 3573 1135 3619 est
1160 3566 1413 3619 adsistere
1437 3566 1595 3630 lect03
1625 3564 1782 3634 apud
1811 3562 2172 3619 Claudianum
2214 3564 2303 3631 (de
2340 3564 2487 3620 bello
2532 3563 2678 3619 Gild.
2716 3582 2762 3619 v.
2797 3565 2945 3631 3229),

698 3653 791 3708 ubi
822 3651 1116 3708 Theodosii
1159 3654 1381 3708 maioris
1426 3654 1577 3706 larva
1613 3655 1813 3707 assistit
1849 3656 2012 3721 capiti
2050 3656 2266 3725 nepotis,
2305 3654 2451 3725 apud
2489 3653 2550 3720 Q.
2583 3654 2938 3724 Smyrnaeum

701 3742 851 3810 (XIV
883 3742 1025 3811 189),
1048 3741 1144 3796 ubi
1171 3741 1399 3797 Achillis
1439 3743 1632 3797 umbra
1668 3742 1783 3812 ἔστη
1821 3742 1941 3816 ὒτςὲρ
1979 3742 2202 3813 κεφαλῆς
2241 3742 2338 3812 (sc.
2364 3746 2451 3793 τοῦ
2489 3743 2636 3811 υἱοῦ).

891 3832 933 3898 ¹)
972 3831 1055 3887 cf.
1094 3847 1261 3901 supra
1297 3848 1351 3901 p.
1391 3832 1476 3885 49.
2242 3825 2247 3829 ’

876 3920 921 3988 ¹)
959 3920 1159 3976 Confer
1194 3920 1270 3987 id,
1309 3921 1453 3991 quod
1490 3921 1774 3976 Tonderus
1812 3922 1848 3977 l.
1877 3920 1914 3975 l.
1954 3938 2006 3991 p.
2029 3922 2058 3974 7
2089 3921 2155 3975 de
2179 3922 2338 3991 nigro
2364 3938 2546 3977 retum
2570 3920 2924 3998 infernalium

696 4009 876 4065 colore
916 4009 1154 4079 scripsit.
2030 4003 2038 4011 ’
2669 4001 2672 4005 ’

874 4116 921 4184 ⁸)
958 4116 1203 4193 Ettigius
1265 4115 1322 4186 (l.
1380 4116 1417 4170 l.
1475 4133 1526 4186 p.
1576 4115 1704 4185 370)
1767 4126 1956 4190 pontus
2008 4118 2190 4189 inquit
2249 4120 2358 4173 dies
2419 4116 2566 4174 t'erra
2621 4132 2940 4187 quamquam

666 4225 776 4262 -res
814 4216 934 4261 sant
970 4224 1130 4276 neque
1166 4209 1326 4261 oculis
1379 4208 1634 4276 praedita
1695 4209 1922 4271 sentiant
1982 4209 2280 4273 adventum3
2340 4216 2400 4263 ut
2435 4226 2600 4286 semu·
2633 4210 2738 4261 solo
2777 4209 2938 4261 inter-

651 4348 659 4353 .
694 4298 815 4351 dum
850 4296 1175 4360 formidabile
1213 4298 1471 4364 quoddam
1506 4298 1687 4351 adesse
1723 4298 2028 4351 divinamus.
2068 4298 2205 4365 qaod
2227 4299 2385 4351 oculis
2413 4316 2514 4351 non
2539 4298 2894 4367 perspicimus
2926 4299 2940 4341 3

695 4394 883 4441 montes
920 4387 1176 4453 vallesque
1212 4388 1469 4453 resultant
1492 4450 1504 4457 ,
1532 4404 1726 4456 pavore
1786 4394 1836 4439 et
1871 4395 2062 4440 matres
2101 4387 2183 4456 ad,
2207 4388 2354 4462 ainus·
2391 4395 2659 4465 ’premunt'
2681 4386 2927 4464 infantes.

696 4474 763 4529 ef.
802 4474 987 4530 adnot.
1030 4474 1064 4526 4
1103 4480 1160 4530 et
1194 4490 1249 4543 p.
1288 4473 1390 4529 346
1430 4480 1548 4529 not.
1587 4474 1638 4530 2.
