3242 5059
1506 412 1993 478 —106-

948 602 1104 670 hanc
1150 630 1255 693 eya
1302 607 1376 671 de
1422 609 1584 672 caelo
1633 610 1946 673 ducentem
1990 611 2198 674 sidera
2244 611 2377 675 vidi

949 716 1230 785 fluminis
1276 715 1419 779 haec
1464 717 1682 800 rapidi
1727 721 2002 780 carmine
2046 721 2222 781 vertit
2268 722 2405 799 iter,

950 815 1095 884 ¹haec
1140 834 1323 885 cantu
1358 822 1675 907 finditque
1720 824 1921 887 solum
1965 846 2292 909 manesque
2337 826 2638 910 sepulcris

950 930 1111 992 elicit
1154 940 1210 993 et
1256 930 1459 1014 tepido
1506 930 1751 994 devocat
1799 954 1935 993 ossa
1984 954 2160 1019 roqo:

949 1039 1080 1098 iam
1124 1048 1280 1100 tenet
1324 1038 1611 1119 infernas
1657 1041 1900 1123 mayico
1949 1039 2214 1102 stridore
2259 1052 2548 1124 catervas,

952 1147 1084 1205 iam
1130 1143 1292 1207 iubet
1339 1165 1620 1228 aspersas
1667 1146 1818 1207 lacte
1862 1147 2096 1228 referre
2132 1147 2371 1230 pedem.

814 1269 1030 1333 Manes
1080 1288 1333 1333 evocare
1383 1272 1642 1353 possunt
1695 1272 2046 1355 ψυχαγωγοί
2073 1272 2134 1334 in
2187 1272 2531 1354 Thessalia,
2575 1292 2726 1355 quos
2777 1292 2875 1337 ar-

630 1375 1017 1441 cessiverunt
1086 1374 1567 1441 Lacedaemonii
1641 1378 1718 1441 ad
1768 1377 2117 1442 Pausaniae
2165 1379 2405 1442 larvam
2453 1379 2876 1461 mitigandam

630 1481 831 1562 (Plut.
884 1483 1123 1565 quaest.
1175 1483 1357 1548 Hom.
1407 1482 1562 1571 §l);
1634 1484 1802 1549 idem
1874 1486 2142 1568 scriptor
2191 1484 2312 1549 alio
2371 1486 2504 1549 loco
2569 1486 2670 1559 (de
2742 1506 2879 1552 sera

632 1589 914 1655 numinis
994 1589 1276 1655 vindicta
1331 1594 1433 1672 17)
1504 1593 1761 1656 candem
1815 1593 2239 1657 narrationem
2287 1593 2554 1675 exhibet,
2617 1596 2704 1671 in
2755 1615 2878 1678 qua

632 1698 988 1782 ψυχαγωγοί
1030 1718 1100 1762 ex
1147 1698 1338 1762 Italia
1384 1698 1666 1763 advocati
1719 1700 1883 1768 sunt.

810 1823 1162 1888 Sententias
1214 1824 1377 1888 inter
1424 1844 1489 1888 se
1538 1824 1777 1888 similes
1827 1825 2119 1889 exhibent
2168 1825 2268 1887 illi
2320 1825 2460 1904 loci,
2513 1826 2744 1910 quibus
2795 1827 2870 1891 de

632 1930 947 1995 sacerdote
996 1932 1267 2015 quodam
1317 1931 1415 1996 vel
1465 1951 1615 2013 saga
1667 1932 2008 2015 loquuntur
2055 1934 2292 2016 poetae,
2367 1934 2475 2016 qui
2527 1932 2874 1997 Claudiano

632 2039 884 2120 excepto
958 2037 1176 2101 eadem
1252 2040 1455 2125 aetate
1503 2038 1789 2102 fuerunt:
1872 2040 2035 2103 Dido
2100 2040 2309 2123 (Verg.
2365 2044 2515 2105 Aen.
2565 2039 2652 2102 IV
2701 2042 2877 2122 487),

638 2146 1023 2208 sacerdotem
1073 2145 1366 2224 consulit,
1419 2164 1575 2227 quae
2585 2148 2590 2153 “

966 2320 980 2333 .
1011 2319 1025 2333 .
1055 2291 1145 2333 ‚se
1190 2269 1573 2333 carminibus
1609 2274 1926 2353 promittit
1971 2272 2197 2334 solvere
2243 2284 2468 2347 mentes

953 2399 1107 2461 quas
1154 2377 1296 2439 velit
1342 2387 1435 2454 ast
1483 2378 1633 2439 aliis
1680 2378 1874 2440 duras
1921 2382 2244 2442 immittere
2267 2402 2448 2441 curas

951 2486 1163 2545 sistere
1209 2505 1439 2567 aquam
1484 2484 1700 2561 fluviis
1747 2497 1800 2547 et
1847 2497 2069 2548 vertere
2113 2486 2325 2548 sidera
2371 2498 2533 2549 retro

952 2602 1398 2673 nocturnosque
1443 2602 1639 2654 movet
1684 2613 1896 2654 manes
1929 2615 1948 2654 .·
1994 2595 2237 2679 muyire
2285 2592 2516 2655 videbis

953 2696 1065 2759 sub
1103 2696 1367 2780 *pedibus
1414 2709 1646 2761 terram
1692 2710 1747 2761 et
1793 2699 2144 2762 descendere
2191 2678 2500 2763 montibus
2545 2722 2742 2765 ornos.

816 2790 1040 2886 ¹Medea
1110 2823 1186 2885 de
1251 2841 1314 2885 se
1364 2821 1500 2905 ipsa
1546 2823 1828 2906 loquitur
1875 2824 2088 2907 (Ovid.
2139 2827 2286 2889 met.
2337 2826 2456 2890 VII
2507 2826 2631 2890 205
2683 2825 2879 2910 sqq.):

952 2957 1007 3009 et
1050 2948 1239 3009 silvas
1283 2968 1485 3011 moveo
1534 2948 1824 3033 iubeoque
1871 2961 2214 3012 tremescere
2258 2961 2488 3013 montes

953 3065 1007 3117 et
1051 3056 1293 3140 muyire
1337 3055 1539 3117 solum
1568 3076 1896 3140 manesque
1927 3059 2092 3119 exire
2120 3058 2435 3141 sepulcri-3.

962 3160 1048 3224 Te
1093 3182 1348 3245 quoque,
1402 3161 1603 3243 Luna,
1653 3162 1826 3225 traho
1843 3212 1857 3226 .
1887 3212 1902 3227 .
1932 3188 1980 3239 .;

634 3284 833 3350 simili
881 3286 1064 3350 modo
1113 3286 1377 3350 Canidia
1425 3287 1605 3370 (Hor.
1659 3287 1835 3371 epod.
1887 3288 2066 3353 XVII
2118 3291 2196 3351 77
2249 3293 2414 3373 sqq.)
2464 3291 2777 3374 loquitur:

1904 3463 1918 3477 .
1949 3463 1962 3476 .
1994 3463 2007 3477 .
2024 3425 2078 3476 et
2113 3414 2260 3498 polo

954 3520 1232 3602 deripere
1278 3520 1497 3582 lunam
1543 3520 1786 3583 vocibus
1825 3523 2064 3603 possim
2109 3523 2270 3583 meis'

943 3629 1185 3710 possim
1232 3638 1527 3690 crematos
1574 3629 1837 3690 excitare
1881 3639 2170 3694 mortuos.

814 3750 1200 3816 Claudianus
1280 3752 1391 3816 hos
1462 3758 1674 3835 poetas
1752 3752 2010 3817 imitans
2095 3754 2184 3837 (in
2260 3754 2400 3820 Rus.
2462 3755 2490 3817 I
2547 3757 2667 3819 154
2719 3758 2880 3837 sqq.)

634 3860 1001 3923 Alectonem
1048 3860 1125 3923 de
1174 3878 1239 3923 se
1286 3859 1425 3943 ipsa
1472 3860 1783 3925 dicentem
1831 3860 2013 3924 facit:

954 3980 1219 4067 saepius
1244 3984 1580 4047 horrendos
1627 3987 1837 4048 manes
1881 3988 2194 4070 sacrisque
2243 3986 2441 4049 litavi'

954 4093 1276 4153 nocturnis
1325 4089 1594 4154 Hecaten
1641 4104 1695 4155 et
1741 4092 1988 4155 condita
2031 4094 2263 4175 funera
2310 4094 2481 4156 traxi

960 4196 1343 4262 carminibus
1390 4200 1631 4263 victura
1677 4202 1829 4263 meis
1873 4200 2216 4285 multosque
2262 4200 2554 4263 canendo,
