3242 5059
1644 390 2082 457 ..50-

884 620 889 629 ·
958 585 1145 650 sibila
1189 586 1494 651 inaccensi
1524 586 1815 673 flaqrant
1860 587 2166 651 altaribus
2193 590 2384 675 -iynee

914 730 917 735 -
959 703 1094 755 mm
1136 693 1377 779 maqico
1404 694 1681 757 volitant
1725 706 1913 759 cantu
1955 716 2064 779 per
2111 697 2332 758 inania
2377 716 2592 760 maneo

724 811 734 835 ·“
806 830 811 835 ·
854 839 859 845 -
961 801 1144 867 exciti
1186 800 1510 885 vultusque
1553 803 1624 864 in
1667 822 1975 865 marmore
2017 802 2204 867 sudat
2250 802 2512 867 Elissae.
2592 872 2596 877 ,

922 924 1135 989 Multa·
1178 924 1402 992 harum
1451 927 1904 992 sententiarum
1956 928 2235 1011 exempla
2270 927 2548 1007 afferam,
2598 946 2755 1011 quae
2801 948 2981 1011 prae·-

748 1031 931 1114 cipue
977 1030 1047 1096 in
1093 1031 1414 1099 rhetorum
1461 1034 1712 1099 officina
1757 1034 2042 1099 floruisse
2092 1033 2433 1099 verisimile
2481 1035 2608 1099 est:
2660 1035 2869 1117 Apoll.
2895 1036 2984 1099 IV

756 1138 946 1221 1280,
993 1137 1241 1205 Lucret.
1274 1140 1306 1203 I
1360 1142 1483 1206 123
1531 1145 1743 1225 (quem
1795 1160 2042 1206 versum
2092 1141 2414 1225 Vergilius
2462 1142 2618 1207 Aen.
2668 1142 2716 1208 Ι·
2745 1142 2874 1208 354
2924 1148 2986 1207 et

747 1244 869 1310 VII
915 1247 999 1312 89
1049 1246 1334 1313 imitatus
1383 1244 1523 1330 est),
1601 1248 1691 1312 VI
1740 1250 1821 1314 32
1873 1268 2032 1334 sqq.,
2105 1249 2291 1333 Verg.
2345 1249 2500 1317 Aen.
2552 1250 2639 1315 VI
2687 1252 2815 1316 293
2864 1270 2993 1333 sq.‚

749 1351 888 1418 Val.
927 1353 1050 1418 VII
1097 1356 1247 1420 401.
1326 1354 1556 1420 Versus
1594 1358 1677 1421 95
1728 1357 2106 1421 sententiam
2137 1357 2266 1421 iam
2299 1373 2490 1440 supra
2521 1350 2573 1440 ¹)
2605 1357 2986 1421 invenimus

930 1477 1070 1544 Alio
1141 1476 1302 1544 loco*
1343 1480 1431 1560 (II
1498 1480 1653 1558 296)
1720 1480 2147 1547 Hannibalem
2249 1479 2666 1566 exagitant
2730 1500 2995 1547 manes

747 1585 1175 1671 furiaeque
1244 1590 1616 1671 paternae
1686 1590 1766 1653 ad
1841 1587 2101 1670 bellum,
2175 1590 2341 1673 quod
2412 1587 2608 1654 Silius
2674 1610 2744 1655 ex
2814 1589 2993 1655 Livio

724 1689 930 1795 (XXI
983 1692 1154 1775 10)²)
1200 1693 1431 1776 hausit,
1503 1696 1563 1759 et
1612 1694 1734 1776 (111
1787 1696 1911 1761 139
1961 1688 2082 1779 sq.)
2193 1695 2518 1761 Hannibal
2588 1697 2764 1761 uxori
2813 1716 2983 1779 suae,

750 1818 828 1865 ne
874 1800 952 1864 ad
1005 1801 1243 1866 bellum
1293 1801 1744 1886 proficiscatur,
1801 1804 2060 1886 petenti,
2119 1822 2184 1868 se
2232 1822 2269 1867 a
2316 1803 2609 1869 manibus
2658 1806 2723 1868 et
2759 1803 2835 1869 ab
2886 1804 2986 1868 in-

724 1894 1119 1991 ¹crepitantis
1171 1898 1479 1993 genitoris
1522 1909 1769 1974 umbris
1819 1904 2134 1974 stimulari
2181 1910 2536 1994 respondet,
2586 1911 2697 1995 qui
2745 1910 2920 1975 locus
2954 1930 2991 1975 a

750 2014 1035 2098 Vergilio
1080 2016 1333 2099 pendet,
1386 2036 1529 2081 nam
1578 2014 1820 2081 Aeneas
1869 2017 2004 2100 ipse
2052 2037 2298 2103 quoque
2329 2017 2584 2100 Didoni,
2640 2037 2800 2102 quae
2848 2038 2994 2083 eum

750 2109 1021 2187 retinere
1090 2122 1350 2188 conatur
1397 2123 1509 2205 (IV
1558 2126 1682 2189 351
1737 2126 1922 2207 sqq),
1995 2142 2059 2187 se
2107 2143 2144 2189 a
2188 2124 2387 2210 patris
2445 2123 2725 2209 imagine
2771 2125 2996 2190 terreri

751 2228 908 2299 dicit
930 2228 998 2312 ³).

928 2356 1056 2455 Ubi
1124 2356 1201 2421 de
1270 2322 1738 2440 oppugnatione
1785 2354 2051 2440 Sagunti
2113 2355 2345 2441 agitur,
2421 2356 2525 2421 hic
2573 2356 2755 2422 locus·
2794 2357 2999 2423 exstat

752 2462 841 2544 (ΙΙ
887 2464 1017 2527 426
1065 2466 1216 2546 sq.):
1283 2471 1287 2478 '

975 2586 1157 2651 Parte
1202 2588 1334 2652 alia
1377 2562 1636 2673 suffla
1681 2589 1947 2673 infernis
1993 2586 2326 2659 Hannibal
2371 2591 2506 2669 arie

966 2715 1267 2759 areanum
1310 2696 1511 2781 stygia
1557 2695 1711 2779 libat
1756 2717 1894 2779 oum
1939 2706 2072 2780 vate
2115 2717 2412 2777 cruorem,

752 2820 929 2903 quod.
968 2839 1078 2885 nos
1126 2822 1371 2885 revocat
1440 2820 1518 2885 ad
1567 2819 1771 2889 Ulixis
1795 2906 1800 2910 ι
1820 2823 1965 2889 ante
1998 2820 2278 2887 Tiresiae
2324 2820 2747 2887 evocationem
2797 2839 2995 2887 sacra.

1178 3127 1402 3181 discolor
1438 3135 1487 3182 et
1526 3129 1689 3181 variis
1728 3127 1942 3189 furialis
1978 3129 2146 3181 cultus
2183 3127 2378 3181 amictu

1178 3203 1415 3270 induitur
1451 3218 1719 3285 vultusque
1756 3217 1997 3286 aperitur
2033 3217 2176 3271 crine
2211 3224 2404 3271 remoto

1178 3307 1231 3361 et
1266 3324 1412 3360 coma
1446 3307 1668 3377 vipereis
1706 3306 2080 3377 substringitur
2117 3307 2334 3360 horrida
2370 3307 2540 3361 sertis.

750 3468 755 3473 '
934 3395 975 3458 ι)
1015 3394 1074 3449 P.
1113 3394 1200 3462 56,
1236 3395 1323 3460 56,
1361 3393 1411 3449 8.
1485 3394 1670 3449 Addas
1707 3393 1809 3449 hos
1844 3394 2023 3504 locos.
2066 3394 2264 3449 Lucan.
2301 3393 2389 3448 111
2425 3394 2548 3461 418,
2591 3394 2686 3450 ubi
2713 3393 2998 3450 Gallorum

756 3482 911 3539 lucus
949 3499 1105 3539 sacer
1140 3483 1487 3555 depingitur:

1795 3613 1806 3627 .
1848 3614 1860 3629 .
1900 3575 2006 3628 iam
2031 3574 2190 3643 sam
2216 3567 2467 3642 serebat

1180 3681 1334 3735 saepe
1368 3682 1525 3718 cavas
1560 3674 1702 3719 motu
1736 3673 1911 3719 terrae
1946 3665 2146 3735 muyire
2181 3656 2431 3718 cavernas

756 3758 813 3808 et
849 3752 970 3807 Seu.
1010 3753 1236 3823 Thyest.
1274 3752 1377 3808 675
1416 3742 1513 3819 sq,⁹
1550 3752 1643 3807 ubi

1136 3836 1142 3843 '
2051 3857 2205 3911 saepe
2241 3844 2440 3897 latratu

1180 3950 1357 3987 nemus
1392 3933 1531 3987 trino
1566 3934 1805 4003 remuyit.

932 4020 980 4087 ⁸>
1015 4021 1211 4076 Hanno
1245 4040 1379 4076 unm
1434 4014 1684 4077 adventus
1720 4030 1955 4077 senatum
2009 4014 2223 4076 caueam
2256 4012 2492 4090 foederis
2549 4039 2735 4091 mayno
2789 4021 2996 4074 silentio

752 4118 968 4183 propter
1003 4112 1368 4167 auctoritatem
1403 4130 1569 4180 auam,
1592 4116 1711 4166 'non
1744 4102 1861 4167 omn
1896 4112 2123 4165 adsensu
2159 4111 2481 4165 audientium
2518 4111 2659 4181 eyit:
2747 4148 2763 4164 .
2802 4148 2816 4163 .
2853 4128 2892 4162 n
2910 4128 2940 4163 o
2961 4128 2998 4162 n

728 4218 1019 4265 manee,
1073 4219 1211 4277 non
1247 4202 1565 4273 stirpem
1601 4202 1760 4256 eius
1805 4202 2359 4269 conquiescere
2395 4198 2569 4263 viri,
2623 4216 2716 4253 nec
2752 4215 2996 4267 umquam

746 4278 912 4359 donec
946 4292 1216 4363 oan‘quinio
1253 4293 1567 4359 nominisque
1602 4289 1833 4345 Barcini
1868 4291 2150 4359 quiequam
2175 4290 2420 4360 supersit,
2466 4290 2714 4357 quietura
2749 4286 2992 4380 Romana

742 4370 981 4451 foedera.

777 4456 783 4463 ’
910 4462 980 4539 ⁸)
1016 4468 1101 4526 Cf.
1138 4460 1306 4553 supra
1338 4487 1396 4542 p.
1434 4468 1522 4525 85.
