3242 5059
1203 390 1643 459 ...17-

299 591 482 656 larva
500 590 550 673 ¹)
618 592 681 655 et
727 590 993 655 orationi
1064 610 1212 655 suae
1288 591 1710 655 narrationem
1778 588 2033 655 infercit
2092 625 2175 640 -—-
2224 582 2550 654 Patroclus

301 700 584 765 Achillis
679 699 883 763 fatum
954 698 1351 778 vaticinatur,
1451 697 1799 781 Polydorus
1870 696 2141 762 Achillis
2221 714 2550 761 ascensum

303 807 527 871 narrat
599 842 676 881 -,-
743 806 1004 870 Hecuba
1065 804 1359 889 Polydori
1420 805 1733 887 umbram,
1804 822 1991 887 quam
2052 804 2236 869 modo
2307 803 2546 887 specta-

299 917 474 979 tores
545 914 834 997 agentem
915 912 1227 990 viderunt,
1306 912 1372 976 in
1443 910 1684 979 somnio
1762 910 2021 994 aspexit,
2096 910 2164 975 id
2236 911 2401 994 quod
2480 929 2551 974 ex

308 1019 611 1104 Aeschyli
691 1018 1147 1084 Eumenidibus
1225 1018 1633 1101 cognovimus
1713 1019 1775 1081 et
1851 1018 2016 1101 quod
2096 1016 2405 1083 Pacuvius
2481 1016 2548 1081 in

305 1129 514 1193 Iliona
531 1126 584 1211 2)
631 1126 922 1191 imitatus
971 1126 1086 1191 est.
1181 1124 1542 1190 Staehlinus
1567 1123 1615 1205 ³)
1668 1124 2033 1209 Euripidem
2066 1124 2361 1208 Polydori
2410 1144 2548 1189 um-

308 1237 462 1300 brae
508 1233 816 1317 originem
864 1232 1126 1297 traxisse
1183 1252 1216 1296 e
1272 1230 1594 1315 Sophoclis
1645 1231 1892 1296 Achille
1943 1232 2319 1315 Polyxenam
2364 1231 2546 1315 flagi-

307 1344 488 1407 tante
519 1342 720 1425 putat,
771 1358 958 1423 quam
996 1338 1373 1404 sententiam
1419 1338 1635 1421 probo,
1685 1357 1829 1403 cum
1860 1340 2201 1421 utrumque
2234 1340 2544 1421 spectrum

305 1449 480 1514 unde
527 1448 736 1513 veniat
783 1447 949 1512 dicat
999 1446 1064 1510 in
1113 1446 1411 1511 orationis
1459 1444 1646 1509 initio
1720 1446 2024 1529 (conferas
2083 1444 2272 1511 velim
2333 1465 2548 1511 versus

309 1556 502 1639 srgm.
537 1555 666 1621 480
698 1552 806 1618 N2.
842 1554 1058 1639 [supra
1095 1572 1198 1636 pg.
1239 1556 1318 1617 14
1351 1552 1476 1637 sq.]
1526 1554 1588 1617 et
1620 1553 1913 1617 Hecubae
1952 1557 1980 1617 1
2021 1553 2204 1635 sqq.).
2268 1551 2549 1617 Achilles

309 1664 524 1727 autem
571 1680 835 1745 persona
881 1659 1128 1743 prologi
1176 1658 1367 1723 fuerit
1414 1678 1628 1735 necne,
1698 1658 2017 1723 incertum.
2065 1661 2179 1723 est.
2282 1657 2440 1723 Cum
2490 1662 2553 1723 et

311 1768 462 1832 huic
509 1766 848 1832 simulacro
897 1766 1259 1849 Euripide0,
1318 1768 1390 1830 ut
1437 1764 1691 1850 supra4)
1740 1764 2182 1843 demonstravi,
2242 1764 2549 1830 Homerus

309 1879 376 1941 et
449 1874 786 1957 Sophocleo
859 1872 1240 1957 [Simonides
1312 1871 1400 1956 et]
1507 1872 1692 1941 Nosti
1770 1872 2048 1955 exempla
2125 1871 2548 1955 praebuerint,

310 1983 584 2066 tragicos
635 1983 711 2045 ab
761 1981 1078 2069 epicorum
1129 1980 1390 2063 spectris
1424 1980 1693 2062 pendere
1726 1980 1949 2045 elucet.
2021 1978 2279 2044 Hecuba
2310 1980 2550 2043 somnio

309 2088 532 2153 territa
601 2106 795 2170 aeque
869 2089 1056 2171 atque
1129 2088 1354 2151 Atossa
1426 2086 1490 2149 in
1566 2085 1775 2153 Persis
1847 2087 1909 2149 et
1964 2070 2416 2168 Clytaemestra
2483 2086 2550 2149 in

313 2194 634 2278 Sophoclis
683 2194 932 2258 Electra
979 2193 1042 2257 in
1094 2194 1306 2276 aperta
1355 2193 1684 2275 prodeunt,
1756 2193 1829 2256 ut
1901 2211 2127 2275 pavore
2184 2193 2551 2274 liberentur,

318 2302 481 2384 quod
556 2301 840 2365 imitatus
921 2301 1016 2365 est
1084 2300 1368 2382 NonnuS,
1440 2300 1549 2384 qui
1630 2300 2004 2365 locutionem
2074 2297 2555 2363 ἀποσκεδαννύναι

311 2408 512 2491 πτερὸν
567 2407 742 2470 ὕπνου
789 2406 1048 2471 adhibet
1091 2406 1201 2487 (cf.
1269 2406 1321 2469 V
1371 2409 1520 2487 535,
1598 2406 1863 2470 XLVIII
1911 2406 2091 2491 564).
2205 2406 2551 2491 Aeschylus

315 2517 378 2579 et
424 2512 760 2596 Euripides
807 2514 870 2577 in
932 2514 1248 2578 larvarum
1296 2514 1500 2598 specie
1563 2512 1989 2596 componenda
2036 2531 2107 2577 eo
2176 2514 2552 2596 congruunt,

312 2620 476 2705 quod
528 2620 770 2684 somnia
817 2639 939 2683 non
988 2619 1231 2683 nullius
1263 2618 1568 2684 momenti
1601 2619 1768 2696 sunt,
1818 2639 1963 2683 nam
1997 2618 2062 2683 in
2087 2619 2299 2684 Persis
2327 2618 2555 2683 Atossa

310 2727 432 2791 filii
478 2746 576 2791 res
625 2727 914 2792 adversas
965 2746 1074 2809 per
1141 2726 1458 2791 somnium
1509 2726 1783 2791 Dareum
1853 2726 2164 2809 aspiciens
2233 2725 2554 2809 praevidet

314 2837 400 2915 (v.
456 2834 579 2899 198
613 2836 794 2917 sqq.),
843 2834 908 2898 in
943 2834 1202 2899 Hecuba
1249 2836 1468 2914 mater,
1518 2834 1852 2916 postquam
1893 2832 2067 2898 filius
2114 2833 2437 2914 abscessit,
2486 2834 2548 2896 in

319 2959 606 3005 scaenam
654 2958 984 3024 progressa
1030 2959 1095 3004 se
1141 2940 1208 3003 in
1257 2939 1574 3021 proximae
1619 2939 1821 3003 noctis
1880 2938 2123 3003 somnio
2170 2939 2550 3021 Polydorum

314 3047 376 3110 et
421 3046 796 3130 Polyxenam
845 3051 1121 3111 mortuos
1171 3046 1401 3110 vidisse
1449 3044 1623 3110 dicit.
1719 3024 2064 3129 Polydorus
2099 3048 2161 3111 et
2192 3043 2415 3109 chorus
2462 3046 2551 3129 (v.

315 3152 399 3216 37
436 3171 569 3235 sqq.
620 3155 681 3216 et
731 3173 784 3217 v.
844 3154 962 3217 109
999 3154 1170 3237 sqq.)
1235 3150 1548 3216 Achillem
1617 3171 1807 3235 super
1875 3152 2122 3216 tumulo
2193 3152 2553 3235 apparuisse

315 3258 508 3323 armis
556 3258 948 3342 fulgentibus
999 3258 1376 3351 Polyxenam
1424 3261 1782 3341 poscentem
1832 3256 2173 3339 narrant5).

492 3382 827 3465 Euripides
897 3383 1064 3447 idem
1129 3383 1439 3465 spectavit
1484 3383 1788 3448 inducens
1860 3384 1923 3448 et
1970 3383 2420 3465 Cresphontem
2492 3385 2556 3448 et

314 3489 720 3572 Polydorum,
792 3507 934 3551 nam
1000 3488 1115 3552 illa
1163 3508 1410 3573 quoque
1457 3490 1634 3554 larva
1694 3489 1936 3574 prologi
1984 3489 2319 3554 enarrandi
2367 3508 2555 3555 causa

314 3596 596 3660 escendit
636 3612 705 3660 ex
740 3596 999 3659 Tartaro
1015 3595 1062 3679 Β)
1115 3598 1557 3680 expositionem
1598 3596 1932 3679 explicam,
1984 3616 2106 3679 qua
2140 3596 2554 3679 Peloponnesi

497 3914 539 3982 ¹)
577 3913 715 3969 Vide
752 3932 920 3985 snpra
953 3932 1008 3985 p.
1047 3918 1096 3970 7.

498 4003 543 4072 ²)
582 4003 664 4058 Of.
703 4003 845 4059 infra
881 4022 934 4075 p.
975 4006 1040 4059 22
1069 4022 1170 4077 sqq

493 4092 542 4160 ⁸)
581 4094 636 4147 L.
675 4092 711 4147 1.
752 4111 805 4161 p.
845 4094 930 4149 89.

496 4180 540 4251 ⁴)
577 4181 639 4235 P.
687 4183 763 4236 16.

495 4268 538 4337 ⁶)
579 4269 780 4326 Versus
807 4270 931 4325 90-
949 4272 1036 4333 97,
1075 4271 1274 4341 quibus
1301 4270 1528 4327 Hecuba
1553 4272 1620 4327 de
1646 4272 1875 4327 Achillis
1904 4274 2055 4329 larva
2078 4274 2348 4344 loquitur,
2388 4275 2554 4327 inter-

324 4357 542 4428 polatus
581 4374 698 4413 esse
737 4366 921 4413 censet
957 4357 1402 4415 Wilamowitzius
1439 4361 1474 4414 1.
1513 4362 1550 4415 l.
1588 4379 1643 4431 p.
1682 4363 1785 4415 446
1812 4378 1933 4432 sqq.

481 4446 540 4513 ¹¹¹)
581 4444 662 4501 Os.
705 4446 1040 4501 Welckermn
1081 4448 1100 4499 1
1155 4447 1192 4500 l.
1231 4466 1284 4518 p.
1324 4448 1429 4502 830
1455 4466 1571 4519 sqq.

2202 4538 2234 4593 ἓ
