3242 5059
1561 404 1999 483 ...52·...

888 658 902 678 .
933 665 946 679 .
977 665 992 680 .
1008 594 1216 678 hiatus
1259 607 1455 680 Erebi
1490 602 1781 699 pervium
1826 616 1913 681 ad
1958 622 2210 699 superos
2255 612 2375 680 iter

873 721 1086 785 tellure
1129 722 1336 805 fracta
1379 722 1624 802 praebet
1669 744 1741 786 ac
1788 734 1964 785 tumn
1972 723 2102 785 lum
2148 723 2304 786 levat
2321 721 2388 805 ¹).

833 828 1002 893 Iulia
1071 846 1259 913 supra
1289 832 1300 843 ''
1335 829 1658 893 tumulum
1728 830 1873 909 stat,
1934 848 2123 912 quam
2194 849 2325 894 rem
2395 829 2520 893 iam
2571 829 2638 893 in
2686 826 2907 894 Nostis

657 934 1151 1018 cognovimus2),
1201 936 1366 1017 apud
1395 934 1798 1019 Aeschylum,
1849 937 1957 1020 qui
1985 936 2047 999 in
2078 935 2287 1000 Persis
2322 939 2404 1017 (v.
2439 938 2593 1018 659)
2628 936 2907 1002 Dareum

659 1054 705 1107 3’
742 1042 927 1107 choro
999 1042 1239 1107 evocari
1309 1041 1498 1125 fingit
1567 1042 1666 1106 his
1743 1043 1989 1107 verbis:
2063 1039 2190 1104 ἔλθ’
2262 1041 2350 1105 ἐπ’
2400 1041 2575 1127 ἄκρον
2621 1041 2909 1128 κόρυμβον

609 1237 613 1242 ,
658 1148 866 1235 ὄχθου,
949 1151 1114 1232 apud
1163 1148 1527 1232 Euripidem
1599 1150 1665 1213 in
1713 1149 1971 1214 Hecuba
2021 1150 2104 1234 (ν.
2156 1151 2285 1232 93),
2359 1150 2467 1215 ubi
2541 1152 2764 1216 chorus
2817 1150 2895 1217 de

658 1254 928 1321 Achillis
1023 1258 1193 1320 larva
1240 1272 1252 1283 ··
1268 1256 1570 1339 loquitur,
1667 1276 1824 1340 quae
1900 1256 2041 1340 ὑπὲρ
2121 1255 2300 1341 ἄκρας
2368 1256 2585 1343 τύμβου
2651 1261 2911 1341 κορυφᾶς

647 1364 1024 1448 apparuisse
1102 1363 1354 1443 dicitur,
1427 1364 1590 1445 apud
1644 1363 2069 1446 Apollonium,
2144 1365 2251 1446 qui
2300 1363 2667 1429 Sthenelum
2716 1384 2908 1449 super

651 1472 901 1536 tumulo
973 1473 1242 1534 stantem
1292 1470 1444 1534 facit
1490 1469 1578 1550 (ΙΙ
1628 1458 1746 1534 911
1806 1474 1970 1555 sqq.)
2062 1471 2240 1534 Hanc
2303 1472 2502 1554 igitur
2559 1471 2907 1555 apparendi

640 1578 960 1644 ‚rationem
1045 1577 1327 1641 omnium
1405 1596 1523 1642 usu
1601 1579 1919 1660 receptam
2006 1577 2311 1642 videmus
2434 1578 2633 1642 Iuliae
2710 1579 2904 1643 orati-

655 1684 791 1752 onis
840 1685 1097 1749 initium
1146 1683 1354 1747 simile
1402 1685 1496 1747 est
1543 1684 1835 1765 Polydori
1885 1685 1949 1747 in
1988 1684 2312 1767 Euripidis
2362 1685 2639 1749 Hecuba.
2736 1683 2901 1749 Nam

655 1794 920 1875 utroque
966 1791 1126 1871 loce,
1175 1792 1341 1855 uude
1390 1789 1666 1869 veniant,
1727 1793 1973 1873 spectra
2002 1791 2280 1871 narrant,
2331 1790 2629 1855 similiter
2672 1790 2907 1856 Seneca

657 1917 901 1983 quoque
949 1898 1204 1962 umbras
1277 1915 1444 1977 81138,
1516 1916 1675 1980 quae
1722 1897 1969 1980 prologi
2017 1898 2314 1961 narrandi
2378 1917 2564 1961 causa
2612 1898 2677 1962 in
2730 1916 2902 1962 8033-

657 2024 803 2069 113111
880 2004 1211 2088 prodeunt,
1295 2004 1614 2085 loquentes
1694 2002 1862 2068 facit.
1963 2002 2102 2067 Duo
2152 2007 2388 2085 poetae,
2447 2006 2511 2069 et
2556 2003 2791 2069 Seneca
2836 2006 2902 2068 et·

657 2112 966 2192 Lucanus,
1016 2110 1186 2174 idem
1235 2128 1432 2194 genus
1467 2108 1776 2173 Graecum
1810 2113 2179 2193 sequuntur.
2251 2109 2413 2175 Iulia
2465 2109 2681 2175 eodem
2715 2111 2901 2174 modo

656 2211 777 2301 quo
873 2216 1194 2281 Patroclus
1265 2217 1606 2281 evanescit:
1688 2236 1800 2299 per
1900 2217 2239 2299 amplexus.
2365 2217 2699 2300 Pompeius
2784 2216 2903 2280 hac
3027 2235 3030 2237 ’

654 2326 829 2390 larva
921 2344 1042 2388 non
1140 2324 1399 2414 territus
1498 2325 1704 2384 ‘maior
1771 2325 1841 2384 in
1916 2344 2101 2388 arma
2176 2325 2310 2385 ruit
2408 2323 2613 2388 uxoris
2694 2324 2905 2387 verbis

655 2430 978 2514 neglectis.
1257 2518 1260 2521 Α
2152 2432 2157 2441 “

831 2538 1140 2601 Lentulus
1189 2536 1508 2619 Pompeio,
1560 2536 1672 2619 qui
1720 2555 1863 2600 cum
1897 2537 2149 2601 Parthis
2190 2538 2409 2601 foedus
2461 2536 2738 2602 initurus
2788 2544 2905 2620 est,

654 2664 730 2707 ne
765 2644 830 2708 id
863 2644 1075 2723 faciat,
1111 2641 1453 2723 dissuadet,
1489 2662 1635 2706 113111
1677 2662 1840 2723 311111,
1874 2644 1985 2707 ubi
2023 2645 2283 2707 Araxem
2310 2644 2653 2721 transierit,
2689 2642 2904 2709 Crassi

655 2750 925 2815 inultam
997 2750 1239 2813 larvam
1290 2749 1729 2814 deterrituram
1789 2768 1920 2813 esse
1991 2749 2170 2829 (VIII
2230 2752 2353 2815 431
2416 2752 2600 2833 sqq.).
2697 2748 2907 2827 Quam

657 2858 907 2921 brevem
957 2856 1228 2939 speciem
1280 2875 1396 2919 non
1449 2856 1661 2920 mi'nus
1712 2874 1899 2938 quam
1948 2874 2070 2937 eas,
2132 2875 2285 2938 quas
2330 2856 2545 2920 statim
2593 2857 2899 2937 tractabo,

655 2984 724 3028 ex
771 2956 1090 3028 rhetorum
1141 2961 1391 3026 officina
1437 2962 1689 3027 fluxisse
1736 2964 1906 3045 puto.
2002 2962 2135 3026 Hoc
2184 2982 2429 3046 quoque
2488 2963 2619 3027 loco
2668 2963 2907 3046 spectri

652 3071 841 3135 facies
891 3069 1298 3135 describitur:
1371 3069 1535 3133 senis
1609 3071 1832 3133 maesti
1878 3072 2103 3137 umbra
2152 3064 2462 3152 Scythicis
2511 3070 2749 3134 confixa
2798 3073 2909 3134 est

664 3177 946 3261 sagittis;
1017 3176 1336 3241 maestitia
1405 3174 1612 3240 Crassi
1693 3177 2076 3259 depingitur,
2150 3194 2337 3257 quem
2406 3176 2605 3240 animi
2660 3178 2909 3242 motum

653 3284 944 3348 Lucanus
1022 3283 1292 3348 libenter
1359 3284 1423 3346 in
1488 3282 1847 3347 simulacris
1920 3283 2051 3347 suis
2131 3281 2561 3346 describendis
2637 3284 2905 3348 adhibet

652 3391 707 3470 (I
747 3382 912 3467 ‘1873
961 3391 1059 3457 III
1112 3392 1238 3470 10).
1450 3377 1455 3383 ’
2065 3400 2069 3403 ’

830 3496 963 3559 Ι3111
1011 3497 1089 3560 ad
1137 3516 1239 3560 eos
1286 3494 1451 3559 locos
1499 3496 1922 3579 pervenimus,
1990 3495 2222 3579 quibus
2269 3493 2543 3558 breviter
2589 3498 2772 3577 poeta
2826 3496 2907 3560 de

650 3602 940 3667 manibus
1012 3600 1314 3685 loquitur.
1432 3600 1507 3663 Iu
1582 3601 1891 3684 prodigiis
1962 3603 2109 3664 aute
2186 3598 2427 3664 bellum
2498 3601 2682 3665 civile
2745 3602 2907 3665 visis

651 3710 706 3789 (I
755 3696 900 3774 580'
931 3708 1128 3795 sqq.):
2342 3712 2347 3718 '

877 3864 892 3879 .
921 3864 936 3879 .
967 3836 1027 3879 ‚e
1073 3814 1272 3879 medio
1318 3816 1438 3876 visi
1483 3836 1845 3899 consumere
1890 3833 2105 3893 campo

865 3923 1072 3984 tristia
1120 3919 1376 3984 Sullani
1407 3922 1670 3983 cecinere
1715 3922 1968 3985 oracula
2013 3940 2224 3981 manes

847 4205 886 4274 ¹)
924 4206 1098 4261 Multa
1138 4206 1301 4261 huius
1341 4194 1664 4259 ascensuum
1704 4203 1921 4274 generis
1960 4203 2207 4270 exempla
2266 4202 2422 4257 nobis
2461 4207 2681 4272 praesto
2742 4211 2911 4263 nunt:

651 4284 1003 4365 Sen.'Agam.
1041 4312 1088 4349 v.
1131 4296 1227 4349 741
1260 4311 1400 4365 sqq.,
1439 4292 1665 4362 Thyest.
1705 4310 1754 4347 v.
1794 4293 1860 4345 87
1890 4290 2125 4361 aliaque,
2164 4305 2303 4359 quae
2332 4294 2479 4344 certo
2520 4306 2584 4345 ex
2612 4290 2913 4351 rhetorum

662 4384 952 4451 disciplina
987 4388 1362 4439 manaverunt.

832 4471 876 4539 ⁸)
915 4471 1000 4527 Cf.
1036 4489 1201 4543 supra
1238 4489 1290 4543 p.
1330 4472 1381 4526 8.
