3242 5059
1594 384 2030 456 -16-

688 586 859 652 linus
879 584 926 668 ¹)
971 587 1258 653 accurate
1305 586 1627 669 disseruit,
1676 587 1829 673 quid
1888 588 2137 654 consilii
2182 589 2399 672 poetae
2444 589 2561 655 hoc
2617 584 2942 654 somnium

704 693 1029 759 inducenti
1075 693 1285 777 fuerit,
1333 696 1414 760 ad
1461 714 1605 762 eum
1654 696 1893 780 delego.

877 799 1122 879 Quibus
1191 821 1263 868 ex
1313 804 1500 868 rebus
1549 802 1917 887 Sophoclem
1966 822 2213 888 quoque
2260 804 2505 887 spectra
2564 804 2629 870 in
2682 804 2938 887 tragoe-

690 906 814 973 diis
863 907 995 974 suis
1044 909 1411 975 adhibuisse
1459 909 1915 993 cognoscimus,

871 1015 1154 1091 Mitiores
1233 1018 1381 1081 sunt
1449 1016 1811 1100 Euripidis
1888 1017 2117 1100 larvae,
2180 1037 2341 1102 quae
2409 1018 2734 1085 audientes
2809 1017 2931 1083 mi·-

691 1121 1034 1188 sericordia
1079 1122 1410 1189 'afficiunt
1505 1125 1697 1189 Poeta
1763 1142 1865 1189 eas
1925 1125 2259 1209 prologum
2330 1127 2695 1191 enarrantes
2748 1122 2931 1189 adhi-

689 1230 835 1295 bere
912 1230 1072 1295 solet
1145 1234 1218 1295 ut
1287 1230 1673 1313 Polydorum
1742 1233 1805 1296 et
1876 1230 2345 1316 Cresphontem.
2445 1233 2791 1315 Polydorus
2864 1232 2935 1296 in

687 1338 948 1403 Hecuba
992 1341 1074 1420 (v,
1129 1341 1153 1400 l
1197 1337 1362 1423 sqq.)
1397 1338 1651 1404 fabulae
1684 1338 2133 1423 expositionem
2164 1342 2400 1421 narrat,
2434 1339 2579 1424 quis
2612 1340 2717 1421 sit,
2763 1340 2935 1405 unde

688 1443 918 1522 veniat,
970 1464 1094 1529 qua
1141 1444 1216 1509 de
1263 1463 1451 1510 causa
1498 1446 1815 1529 appareat,
1864 1445 2018 1529 quid
2042 1446 2283 1511 factum
2312 1447 2415 1528 sit,
2466 1446 2617 1531 quid
2651 1446 2935 1512 facturus

689 1552 793 1634 sit,
843 1554 1194 1636 spectantes
1243 1552 1533 1617 certiores
1582 1552 1840 1619 faciens,
1914 1550 1991 1618 Se
2015 1553 2265 1618 Priamo
2300 1555 2362 1618 et
2392 1553 2653 1619 Hecuba
2684 1554 2927 1634 natum,

689 1659 1239 1732 adulescentulum
1286 1679 1321 1724 a
1376 1661 1745 1743 parentibus
1814 1660 2039 1743 opibus
2118 1663 2417 1727 onustum
2493 1660 2932 1743 Polymestori,

689 1766 990 1831 Thraciae
1037 1765 1196 1851 regi,
1245 1766 1549 1831 traditum
1600 1784 1735 1831 esse
1777 1766 2049 1849 nuntiat,
2098 1787 2197 1848 ne,
2247 1767 2302 1832 si
2348 1768 2537 1833 Troia
2582 1769 2932 1850 caperetur,

689 1872 933 1938 Priami
999 1873 1282 1937 familiae
1357 1872 1561 1938 victus
1634 1874 1901 1957 penuria
1978 1875 2160 1955 esset,
2242 1874 2447 1939 Troia·
2492 1876 2675 1957 capta
2757 1893 2823 1938 se
2901 1893 2940 1937 a

690 1979 1120 2065 Polymestore
1188 1979 1468 2045 thesauri
1538 1979 1830 2064 potiundi
1900 2000 2087 2046 causa
2158 1981 2226 2045 in
2274 2000 2445 2046 mare
2492 1981 2731 2046 iactum
2778 2000 2934 2061 esse,

690 2105 860 2151 nunc
907 2106 978 2151 ex
1009 2086 1268 2152 Tartaro
1296 2087 1544 2153 venisse
1592 2087 1981 2171 sepulturam
2033 2090 2428 2170 poscentcm3
2478 2088 2813 2169 Achillem,
2863 2090 2937 2152 ut

689 2193 1007 2281 Polyxena
1075 2193 1198 2259 sibi
1267 2196 1669 2276 mactaretur,
1740 2195 2095 2277 poposcisse
2164 2196 2227 2259 et
2304 2214 2340 2259 a
2386 2213 2565 2260 serva
2616 2214 2785 2259 nunc
2830 2194 2929 2259 in-

693 2303 950 2365 ventum
997 2299 1080 2364 iri
1126 2300 1308 2378 dicit3
1359 2319 1502 2365 cum
1561 2302 1829 2366 matrem
1900 2320 1970 2366 ex
2024 2302 2294 2366 tentorio
2351 2301 2778 2383 egredientem
2824 2320 2935 2366 au-

694 2406 848 2488 diat,
897 2407 1308 2489 evanescit²);
1379 2407 1694 2490 Hecubae,
1769 2427 1926 2492 quae
1996 2427 2061 2473 se
2130 2409 2195 2473 in
2246 2408 2509 2473 somniis
2558 2408 2939 2491 Polydorum

691 2513 924 2579 vidisse
988 2516 1200 2579 narrat
1269 2518 1332 2579 et
1405 2534 1481 2580 ne
1551 2516 1703 2599 quid
1775 2516 2079 2580 horribile
2124 2516 2256 2597 fiat,
2324 2515 2525 2593 timet,
2588 2516 2811 2581 chorus
2859 2515 2936 2579 ab

698 2621 945 2687 Achille
1020 2621 1399 2705 Polyxenam
1474 2623 1857 2705 postulatam
1916 2642 2050 2688 esse
2107 2623 2361 2687 nuntiat
2386 2622 2457 2703 ⁸).
2549 2621 2648 2686 Ad
2696 2620 2935 2706 exposi-

695 2728 932 2793 tionem
980 2728 1232 2794 fabulae
1281 2729 1655 2793 narrandam
1680 2731 1863 2814 poeta
1908 2730 2025 2793 hac
2072 2730 2245 2794 larva
2290 2748 2443 2795 usus
2492 2731 2614 2810 est3
2664 2747 2936 2806 causam,

695 2853 819 2919 qua
867 2837 1212 2900 commotus
1268 2836 1614 2919 Polydorus
1664 2837 1943 2920 apparet,
2020 2836 2150 2900 iam
2207 2836 2373 2920 apud
2434 2836 2779 2900 Homerum
2837 2834 2934 2897 in-

694 2942 981 3009 venimus
1017 2959 1279 3026 eamque
1311 2962 1383 3007 ex
1429 2943 1637 3027 prisca
1670 2942 1891 3027 populi
1938 2942 2387 3028 superstitione
2436 2944 2754 3026 sumptam
2803 2960 2936 3007 esse

695 3050 985 3133 apertum
1035 3051 1146 3114 est.
1241 3049 1377 3115 Hoc
1444 3049 1578 3115 loco
1626 3050 1937 3116 Homerus
2009 3050 2138 3115 vim
2187 3050 2505 3132 quandam
2568 3049 2817 3115 exhibet
2873 3050 2936 3113 in

696 3157 1086 3240 Euripidem,
1138 3176 1282 3222 nam
1331 3176 1626 3222 ascensus
1675 3158 1738 3222 et
1784 3159 2227 3241 argumentum
2279 3156 2489 3221 simile
2536 3159 2631 3221 est
2671 3155 2937 3221 Patrocli

701 3266 765 3329 et
811 3264 1200 3346 compositio,
1273 3283 1419 3328 nam
1491 3283 1652 3347 quae
1724 3264 1811 3329 sit
1878 3264 2172 3346 undeque
2221 3264 2429 3328 veniat
2476 3264 2631 3329 dicit
2676 3264 2938 3344 utraque

697 3477 883 3550 spielt‚
946 3478 1036 3533 ein
1073 3477 1333 3544 Homent,
1392 3477 1510 3542 das,
1566 3478 1669 3533 wie
1707 3476 1971 3533 Vollbehr
2020 3477 2132 3545 (De
2170 3476 2371 3547 Oedipi
2404 3478 2555 3546 regis
2594 3476 2930 3548 Sophoclem

698 3567 1016 3623 oeconomia
1063 3567 1280 3623 scenica
1300 3567 1489 3637 Progr.
1526 3568 1578 3622 d.
1606 3565 2095 3622 Gelehrteuschule
2134 3564 2466 3621 Glickstadt
2530 3566 2681 3630 1856,
2703 3566 2757 3633 4)
2798 3564 2939 3621 wohl

698 3656 802 3711 mit
836 3655 1018 3711 Recht
1060 3656 1306 3711 bemerkt
1342 3655 1458 3721 hat,
1495 3643 1806 3725 iiberhaupt
1831 3655 1937 3709 viel
1964 3672 2028 3710 zu
2068 3654 2243 3723 wenig
2270 3655 2325 3709 in
2364 3654 2641 3723 Auschlag
2673 3653 2938 3723 gebracht

695 3744 878 3800 wirdf‘
960 3744 1042 3799 De
1082 3743 1246 3799 huius
1284 3745 1481 3799 somnii
1520 3745 1673 3799 fonte
1710 3742 1835 3798 vide
1874 3743 2216 3799 Staehlinum
2253 3760 2306 3813 p.
2347 3744 2433 3810 52,
2474 3742 2541 3795 52
2581 3745 2630 3797 4.

884 3833 926 3901 ¹)
963 3833 1022 3887 L.
1061 3833 1097 3888 l.
1139 3852 1191 3904 p.
1232 3833 1300 3887 54
1338 3848 1456 3904 sqq.

879 3921 924 3989 ⁸)
963 3922 1092 3990 Leo,
1135 3922 1246 3976 Der
1281 3920 1544 3990 Monolog
1587 3922 1664 3975 im
1702 3921 1906 3976 Drama
1941 3920 2202 3989 (Abhdlg.
2243 3920 2294 3974 d.
2336 3918 2487 3975 Gott.
2527 3918 2651 3974 Ges.
2691 3920 2743 3975 d.
2780 3919 2939 3974 wisa.

698 4010 1000 4067 Pha-hist.
1054 4010 1248 4066 Klasse
1285 4010 1356 4076 X,
1395 4010 1446 4077 5,
1491 4010 1625 4064 1908
1663 4028 1717 4080 p..
1758 4010 1869 4077 23),
1934 4009 2226 4079 Hippolyti
2261 4013 2319 4064 et
2375 4007 2633 4063 Hecubae
2680 4008 2937 4079 prologos

698 4105 996 4169 comparat.

875 4189 921 4259 ⁸)
959 4188 1408 4243 Wilamowitzius
1448 4186 1655 4254 (Herm.
1694 4184 1886 4249 XLIV,
1925 4204 1977 4257 p.
2016 4186 2145 4253 448)
2209 4186 2345 4241 haec
2384 4185 2583 4240 affert:
2644 4186 2805 4251 „Wer
2842 4185 2939 4240 das

702 4277 908 4332 Drama
944 4276 1064 4331 sich
1126 4275 1362 4347 gespielt
1399 4275 1598 4343 denkt,
1647 4293 1795 4331 muss
1834 4274 1923 4331 die
1959 4275 2281 4345 Exposition
2337 4274 2666 4330 bewundern
2705 4291 2774 4328 an
2813 4274 2929 4329 sich

700 4366 782 4423 ale
819 4366 1167 4436 Einfiihrung
1204 4367 1262 4419 in
1307 4364 1396 4420 die
1439 4364 1751 4433 Stimmung
1789 4363 1903 4419 und
1946 4363 2027 4421 als
2064 4362 2446 4429 Kunstmittel,
2510 4361 2598 4416 die
2637 4362 2937 4418 Geschicke

709 4456 806 4510 der
843 4454 1038 4511 beiden
1074 4452 1496 4509 Hekabekinder
1531 4454 1636 4507 mit
1673 4453 1770 4508 der
1806 4454 2011 4509 Mutter
2050 4469 2117 4508 zu
2154 4450 2541 4521 verkniipfen.“
2642 4508 2651 4521 ¹
