3242 5059
1191 404 1447 467 ---21
1548 438 1632 467 -.-

305 602 433 665 479
471 601 662 684 sqq.)‚
734 600 1075 683 aliquando
1146 600 1368 683 hospes
1443 600 1521 663 ab
1591 599 1836 683 hospite
1904 600 2159 664 necatus
2207 608 2360 679 erat,
2429 619 2536 682 qui

299 710 488 772 noctu
536 706 980 788 Philolacheti,
1030 708 1197 771 senis
1244 706 1397 787 filio,
1446 706 1512 770 in
1565 707 1806 771 somnio
1838 704 2133 790 apparuit
2173 704 2355 790 eique
2387 707 2537 771 haee

293 814 613 879 nuntiavit
660 815 748 898 (ν.
799 816 924 879 497
979 814 1180 897 sqq.):
1645 831 1650 837 ·

503 922 644 1006 Eyo
691 923 1156 985 transmarinus
1202 920 1413 1004 hospes
1460 942 1600 983 sum
1649 920 2053 1002 Diapontius,

511 1026 640 1091 Hic
683 1028 911 1109 habite,
960 1028 1105 1091 haec
1148 1028 1304 1091 mihi
1352 1028 1612 1091 deditam
1658 1026 1989 1091 habitatio:

507 1134 685 1199 Nam
732 1156 826 1198 me
873 1134 1284 1198 Acheruntem
1327 1137 1591 1215 recipere
1645 1133 1840 1198 Orcus
1884 1134 2109 1216 noluit,

517 1243 684 1326 Quia
721 1252 1135 1326 praematura
1180 1244 1309 1305 vita
1353 1263 1547 1307 careo,
1631 1262 1751 1325 ⁸per
1794 1241 1994 1323 fidem

507 1348 810 1433 Deceptus
855 1370 1022 1413 sum:
1073 1348 1284 1432 hospes
1331 1348 1430 1412 hic
1473 1371 1568 1411 ‘me
1613 1350 1852 1411 necavit
1899 1348 2070 1431 isque
2116 1368 2210 1410 me

511 1456 772 1538 Defodit
819 1456 1197 1540 insepultum
1243 1456 1404 1519 clam
1454 1452 1733 1541 [ibidem]
1782 1458 1853 1517 in
1897 1454 2057 1517 hisce
2103 1454 2377 1538 aedibus,

513 1560 830 1643 Scelesta-3,
881 1565 1028 1626 auri
1073 1585 1282 1628 causa.
1385 1584 1550 1626 nunc
1595 1573 1663 1625 tu
1709 1561 1852 1625 hinc
1896 1564 2171 1647 emiyra:

517 1667 812 1736 Scelestae
856 1670 969 1733 hae
1012 1680 1155 1733 sunt
1204 1669 1401 1752 aedes,
1449 1670 1705 1753 impiast
1749 1668 2067 1734 habitatio.

472 1776 938 1843 Exclamavisse
985 1776 1482 1842 Philolachetem
1529 1795 1600 1841 ac
1641 1774 2046 1859 perterritum
2094 1774 2311 1840 tuisse.
2403 1775 2530 1841 Ubi

292 1886 503 1948 autem
550 1884 783 1949 Tranio
840 1884 1012 1948 finiit
1057 1884 1502 1963 narrationem,
1562 1881 1959 1947 Philolaches
2007 1881 2242 1946 ostium
2290 1882 2535 1965 pulsat3

292 1990 451 2071 seui,
525 1990 634 2072 qui
680 2010 876 2073 paene
921 1990 1125 2055 totum
1173 1989 1573 2054 mendacium
1647 1988 1903 2068 detexit,
1962 1988 2286 2071 quaerenti
2350 1988 2535 2072 quid-

293 2116 439 2161 nam
487 2096 678 2162 fuerit
711 2116 927 2162 servus
953 2096 1224 2162 callidus
1277 2116 1525 2161 omnem
1558 2096 1848 2161 timorem
1882 2094 2190 2159 simulans
2224 2097 2541 2179 spectrum

291 2204 506 2288 ipsum
575 2204 826 2287 pulsare
875 2204 1031 2269 dicit
1077 2204 1278 2287 eique,
1327 2205 1398 2268 ut
1462 2203 1690 2287 fugiat,
1762 2202 2003 2267 suadet.
2097 2203 2271 2283 Quae
2318 2220 2542 2267 scaena

293 2310 622 2394 aptissima
691 2331 728 2375 a
775 2314 956 2394 poeta
1027 2311 1174 2375 ficta
1243 2312 1358 2375 est.
1452 2310 1687 2394 Magna
1747 2327 1893 2373 cum
1940 2308 2221 2373 sollertia
2268 2307 2536 2375 Plautus

294 2418 604 2502 depingit,
689 2418 995 2501 quomodo
1066 2418 1298 2482 Tranio
1367 2416 1855 2500 Theopropidi1)
1904 2416 2228 2482 terrorem
2308 2414 2543 2482 inferat

295 2530 357 2605 (a
403 2544 587 2590 versu
637 2529 766 2590 454
827 2544 1028 2608 usque
1089 2525 1169 2590 ad
1215 2544 1465 2606 versum
1530 2524 1687 2604 479)
1749 2542 2017 2606 eumque
2079 2522 2539 2606 supplicatione

301 2632 814 2716 celebratissima,
867 2634 940 2697 ut
984 2634 1216 2697 terram
1264 2633 1530 2715 tangens
1579 2631 1727 2696 deos
1773 2630 2005 2706 inferos
2053 2629 2371 2713 imploret,
2426 2630 2541 2693 ad-

299 2738 601 2805 hortatur.
697 2738 874 2818 Quod
911 2739 1139 2804 attinet
1185 2738 1264 2804 ad
1300 2739 1721 2803 narrationem
1762 2738 1987 2821 ipsam,
2034 2738 2218 2821 poeta
2264 2735 2322 2801 ei
2369 2735 2535 2802 anti-

304 2864 493 2930 quam
543 2846 1054 2931 superstitionem
1086 2846 1372 2910 manium
1401 2866 1512 2930 per
1557 2846 1687 2909 vim
1722 2847 2083 2911 necatorum
2114 2842 2449 2929 supposuit
2470 2842 2537 2926 ²).

299 2954 492 3018 Poeta
537 2954 857 3035 epicorum
925 2972 1096 3018 more
1165 2955 1414 3018 noctem
1484 2952 1785 3017 describit
1839 2954 1923 3034 (v.
1986 2952 2115 3016 484
2163 2954 2347 3035 sqq.),
2416 2970 2542 3035 qua

298 3078 364 3122 re
411 3058 642 3143 spectri
705 3060 1108 3125 formidinem
1155 3060 1362 3137 auxit3
1432 3061 1607 3124 larva
1653 3059 1814 3142 ipsa,
1862 3078 2021 3143 quae
2069 3058 2173 3139 sit,
2246 3057 2403 3122 dicit
2450 3060 2531 3139 et,

298 3170 372 3229 ut
417 3165 642 3249 fugiat,
721 3166 1215 3231 Philolachetem
1286 3165 1596 3230 admonet.
1692 3166 1969 3231 Patrocli
2039 3164 2247 3231 verbis
2296 3163 2529 3230 similis

302 3273 398 3337 est
444 3272 770 3355 sententia,
830 3293 1020 3357 quam
1066 3273 1276 3357 imago
1335 3292 1399 3337 se
1447 3272 1509 3336 iu
1560 3272 1898 3337 Tartarum
1944 3292 2066 3337 non
2115 3269 2332 3357 recipi,
2380 3271 2533 3355 quia

308 3381 702 3461 praemature
715 3378 771 3463 3)
800 3381 928 3444 vita
959 3381 1185 3460 careat,
1221 3380 1432 3445 dicens
1467 3378 1760 3463 exprimit
1790 3378 1883 3464 (Ψ
1903 3400 1959 3445 v.
1996 3376 2077 3443 72
2092 3398 2230 3463 sqq.
2256 3377 2537 3446 etPlaut.

489 3572 537 3641 ¹)
579 3572 785 3641 „Wenn
821 3573 1234 3650 Theopropides
1271 3573 1394 3629 dem
1431 3574 1635 3631 Traum
1691 3591 1753 3629 so
1812 3573 1953 3629 ohne
2008 3576 2255 3630 *reiteres
2292 3571 2542 3629 Glauben

283 3662 536 3719 schenkt
595 3661 708 3717 und
763 3679 862 3718 aus
917 3662 1034 3717 ihm
1097 3662 1196 3717 aus
1229 3662 1328 3719 das
1379 3664 1657 3719 wirkliche
1694 3662 2139 3721 Vorhandensein
2176 3662 2323 3718 eines
2362 3662 2538 3736 Haus-

270 3764 276 3773 ·
311 3759 632 3822 gespeustes
669 3750 941 3821 schliesst,
979 3793 993 3808 .
1031 3792 1048 3811 .
1087 3793 1100 3807 .
1138 3752 1363 3808 beweist
1421 3753 1522 3809 das
1570 3754 1709 3809 eben
1745 3753 1899 3808 seine
1922 3751 2410 3823 aberglflubischen
2434 3750 2540 3806 An·

309 3840 679 3910 schauungen,
740 3841 858 3895 also
919 3840 1059 3896 auch
1115 3841 1234 3897 hier
1278 3842 1481 3898 wieder
1517 3843 1618 3897 das
1655 3842 1831 3897 Hotiv
1866 3842 1963 3897 der
1999 3841 2213 3897 Mantik
2248 3857 2371 3897 zum
2408 3838 2532 3896 'ren

299 3930 628 4001 wenigstens
656 3930 966 3986 verwendet
991 3946 1085 3985 zur
1107 3928 1573 3987 Charakteristik⁸¹
1615 3930 1888 3999 (Staehlin
1923 3929 1962 3986 l.
1999 3930 2037 3985 1.
2072 3947 2128 4001 p.
2168 3929 2273 3985 200
2314 3946 2382 4001 sq
2414 3950 2429 3997 3
2468 3929 2538 3985 cf.

301 4038 354 4090 p.
393 4020 512 4085 190,
553 4019 672 4086 196,
715 4019 856 4088 198).
1045 4069 1052 4075 .

478 4108 524 4177 ¹)
563 4106 646 4167 Of.
684 4107 1028 4165 Staehlinum
1063 4109 1102 4165 l.
1140 4109 1178 4164 1.
1214 4127 1270 4181 p.
1310 4110 1430 4165 200.

472 4196 519 4267 ³)
556 4196 642 4253 Ad
697 4196 842 4252 hunc
902 4197 1087 4254 locum
1148 4198 1378 4254 adnotat
1414 4198 1711 4254 Lorenzius
1768 4199 1824 4253 in
1860 4196 2235 4254 Mostellaria
2289 4196 2533 4254 editione

310 4286 448 4343 haec
482 4287 560 4356 (p.
609 4286 722 4350 12J:
765 4286 905 4349 „Der
941 4288 1172 4343 Dichter
1209 4288 1306 4345 der
1343 4286 1686 4344 Mostellaria
1721 4287 1861 4343 lassu
1894 4287 2067 4357 nicht,
2103 4287 2205 4343 wie
2242 4302 2369 4343 man
2394 4286 2537 4347 nach

310 4374 514 4431 diesem
551 4375 1048 4432 weitverbreiteten
1085 4375 1196 4430 und
1234 4375 1405 4432 leicht
1443 4376 1803 4431 erklarlichen
1840 4375 2222 4446 Abel-glauben
2260 4379 2527 4431 erwarten

313 4464 494 4534 sollte,
533 4464 638 4520 den
675 4464 834 4521 Geist
870 4464 1098 4536 spuken,
1155 4464 1279 4521 weil
1339 4466 1436 4521 der
1472 4466 1767 4521 Leichnam
1812 4464 1961 4521 bloss
1997 4481 2121 4521 vom
2157 4463 2379 4520 Mor-der
2413 4480 2529 4519 ver-
