3242 5059
1567 416 1995 481 ..28-

661 612 840 691 Quod
915 613 1017 676 hic
1087 613 1452 695 explicatur,
1522 613 1689 676 unde
1738 613 1859 676 loci
1932 632 2152 676 nomen
2203 610 2366 695 Λῦρη
2415 613 2671 692 oriatur,
2721 611 2903 695 poeta

658 720 940 785 Stheneli
987 738 1314 784 ascensum
1362 714 1560 783 finxit.
1657 717 1989 783 Sthenelus
2038 719 2143 783 hic
2190 719 2403 801 efficit,
2452 724 2527 783 ut
2572 718 2903 801 Argonau-

657 829 757 893 tae
827 827 1181 893 sacrificent
1248 826 1590 909 libantque.
1708 826 2115 910 Apollonium
2176 845 2307 890 non·
2348 828 2424 891 ab
2473 826 2743 891 Homero
2791 827 2903 890 sed

659 955 695 999 a
740 936 1079 1000 Nostornm
1126 938 1310 1019 poeta
1356 936 1423 1000 in
1473 935 1588 1002 hoc
1636 955 1895 1001 ascensu
1931 936 2351 1017 componendo
2399 935 2671 1018 pendere
2719 953 2898 1019 aper-

657 1045 794 1112 tum
843 1046 958 1125 est,
1028 1042 1358 1109 Sthenelus
1431 1064 1554 1108 non
1626 1044 1811 1107 aliter
1859 1045 2047 1125 atque
2097 1040 2376 1107 Achilles
2440 1043 2503 1105 in
2554 1041 2740 1107 litore
2787 1061 2901 1124 ap-

657 1152 833 1232 paret
881 1169 1068 1233 super
1109 1151 1354 1216 tumulo
1409 1150 1600 1215 armis
1636 1149 2113 1233 splendentibus
2147 1148 2215 1233 ¹),
2277 1152 2440 1231 apud
2491 1148 2902 1232 Apollonium

658 1260 868 1323 autem
918 1258 1278 1323 mostellum
1349 1259 1512 1323 nihil
1583 1257 1883 1341 loquitur.
1980 1258 2307 1321 Praeterea
2364 1256 2519 1321 haec
2573 1257 2783 1339 opinio
2831 1276 2901 1320 eo

661 1364 1016 1434 confirmari
1065 1368 1290 1448 potest,
1342 1368 1505 1449 quod
1558 1365 1929 1447 Apollonius
1980 1363 2359 1447 cyclicorum
2407 1364 2733 1445 poetarum
2766 1383 2902 1428 car-

662 1474 908 1538 minum
958 1492 1081 1537 non
1129 1473 1390 1556 ignarus
1437 1474 1562 1537 fuit
1597 1475 1666 1536 ut
1712 1491 1875 1537 unus
1911 1491 1981 1536 ex
2029 1471 2227 1535 doctis
2281 1470 2741 1552 AlexandriuiS,
2792 1470 2905 1554 qui

658 1580 915 1646 Homeri
952 1579 1360 1663 omniumque
1387 1584 1708 1663 poetarum
1744 1581 1807 1643 et
1833 1577 2189 1643 fabularum
2219 1576 2624 1662 antiquarum
2658 1578 2901 1642 studio-

659 1687 896 1752 sissimi
943 1688 1144 1755 erant.

839 1810 1200 1897 Sequuntur
1247 1834 1318 1878 ea
1364 1817 1665 1898 tempora,
1726 1814 1956 1897 quibus
2014 1812 2234 1877 Graeci
2299 1811 2461 1876 nihil
2524 1810 2701 1875 aliud
2779 1809 2906 1875 nisi

659 1920 987 2008 historiam
1036 1920 1442 2003 antiquorum
1469 1923 1843 2003 temporum,
1894 1920 2305 2002 epigramma,
2352 1919 2620 1983 mimum
2670 1918 2901 1981 tracta-

661 2028 830 2108 bant,
903 2026 1170 2091 Romani
1247 2028 1631 2093 carminibus
1704 2027 1897 2109 epicis
1966 2028 2027 2091 et
2096 2026 2309 2091 satiris
2368 2026 2617 2110 praeter
2663 2027 2902 2089 ceteras

659 2119 878 2217 gentes
905 2154 1154 2217 operam
1182 2135 1436 2201 dabant.
1499 2133 1637 2212 Qua
1663 2134 1740 2199 de
1765 2153 1949 2199 causa
1981 2133 2359 2199 Graecorum
2416 2133 2618 2216 poetis
2664 2131 2907 2197 relictis

659 2242 735 2305 ad
784 2242 1207 2307 Romanorum
1253 2245 1464 2325 poetas
1514 2244 1721 2325 epicos
1770 2261 1879 2306 nos
1930 2243 2383 2306 convertamus,
2451 2238 2607 2304 Cum
2656 2239 2901 2304 littera-

659 2370 802 2415 rum
849 2349 1273 2414 Romanarum
1322 2350 1532 2414 omnia
1577 2349 1707 2413 fere
1755 2368 1983 2433 genera
2028 2368 2064 2413 a
2113 2347 2366 2412 Graecis
2415 2346 2747 2431 pendeant,
2782 2364 2905 2409 non

660 2456 892 2521 mirum
964 2459 1060 2522 est
1129 2456 1293 2541 quod
1352 2457 1418 2519 in
1469 2458 1833 2521 ascensibus
1898 2474 2142 2539 quoque
2171 2454 2526 2519 animarum
2574 2453 2643 2517 hi
2690 2454 2769 2517 ad
2817 2452 2904 2515 il-

659 2550 864 2629 lorum
913 2567 1123 2648 poetas
1169 2563 1448 2629 multum
1495 2564 1849 2628 valuerunt.

840 2688 1114 2773 PrimuS,
1143 2689 1320 2754 cuius
1343 2707 1588 2753 carmen
1618 2689 1863 2771 epicum
1890 2686 2259 2771 fragmentis
2286 2687 2363 2751 ad
2389 2685 2601 2750 nostra
2624 2687 2906 2769 tempora

659 2797 964 2879 pervenit,
1012 2797 1084 2873 Q.
1131 2798 1400 2864 Ennius
1447 2796 1561 2859 est.
1655 2794 1998 2860 Annalium
2055 2789 2239 2858 initio
2294 2791 2374 2874 (Ι,
2432 2793 2619 2875 frgm.
2670 2794 2712 2855 4
2745 2793 2908 2874 sqq.)

661 2904 918 2968 Homeri
997 2905 1220 2968 umbra
1289 2904 1509 2987 poetae
1587 2906 1844 2985 apparet
1912 2919 2182 2983 eumque
2253 2903 2329 2965 de
2402 2918 2611 2964 rerum
2680 2900 2909 2963 natura

663 3030 934 3094 suaeque
981 3011 1226 3075 animae
1261 3010 1338 3075 de
1383 3009 1870 3093 migrationibus
1912 3009 2145 3088 edocet,
2196 3006 2418 3091 quain
2476 3006 2910 3089 explanatione

660 3118 1026 3200 Epicharmi
1074 3117 1342 3201 vestigia
1385 3116 1691 3199 pressisse
1738 3116 2014 3180 Ennium
2050 3114 2392 3179 verisimile
2440 3115 2536 3178 est
2554 3112 2620 3195 ²).
2657 3111 2900 3177 Ennius

661 3229 795 3308 ipse
842 3225 909 3289 in
957 3226 1216 3290 somniis
1265 3224 1389 3289 sibi
1436 3226 1644 3289 visum
1704 3242 1837 3287 esse
1887 3224 2099 3287 narrat
2145 3222 2487 3286 Homerum
2538 3219 2743 3285 dicere
2788 3238 2899 3303 pa-

642 3352 883 3398 -vonem
930 3334 1243 3415 quondam
1294 3351 1360 3397 se
1407 3332 1621 3412 fuisse,
1698 3336 1835 3395 tum
1885 3349 1955 3394 ex
2004 3348 2241 3412 pavone
2288 3328 2353 3393 iu
2404 3348 2468 3392 se
2517 3327 2725 3410 ipsum
2773 3325 2909 3392 ani-

663 3460 830 3505 mam
881 3459 1060 3505 suam
1107 3441 1429 3504 transisse.
1527 3436 1902 3502 Callimachi
1952 3435 2276 3501 Aetiorum
2324 3434 2712 3517 prooemium
2759 3433 2907 3498 imi-

663 3549 831 3613 tatus
879 3548 1122 3611 Ennius
1193 3547 1309 3611 hoc
1374 3545 1760 3629 prooemium
1836 3543 2020 3607 finxit
2033 3541 2099 3624 ⁸).
2208 3542 2552 3607 Homerum
2618 3541 2907 3605 imitatus

667 3660 762 3719 est
808 3657 989 3739 poeta
1036 3653 1267 3738 spectri
1298 3653 1523 3717 faciem
1556 3652 1913 3717 describens
1949 3650 2048 3715 his
2096 3650 2339 3716 verbis:
2395 3651 2453 3712 ei
2496 3648 2657 3711 mihi
2700 3647 2911 3732 qualis

664 3774 793 3827 erat
839 3763 900 3827 et
947 3762 1240 3825 lacrimas
1287 3758 1606 3842 effundens
1653 3758 1869 3837 salsas,
1922 3756 2087 3841 quod
2128 3757 2465 3821 memoriae
2538 3754 2736 3819 tradit
2783 3754 2909 3819 Lu-

663 3871 893 3936 cretius
965 3870 1024 3951 (I
1078 3870 1246 3951 126),
1327 3867 1439 3952 qui
1507 3868 1584 3933 de
1643 3865 1998 3931 animarum
2044 3864 2423 3949 migratione
2486 3863 2748 3945 loquens
2794 3861 2912 3927 hoc

845 4212 887 4280 ¹)
926 4211 1082 4278 Quod
1145 4224 1209 4265 ex
1244 4207 1506 4279 Euripide
1566 4206 1723 4274 (Hoc.
1772 4222 1819 4261 v.
1867 4204 1987 4272 109)
2024 4203 2261 4273 sumpsit
2296 4205 2479 4274 poeta,
2533 4201 2681 4271 apud
2738 4216 2904 4271 quem

663 4301 922 4367 Achilles,
960 4300 1046 4353 σὺν
1066 4299 1288 4371 χρυσέοις
1325 4295 1493 4353 ὅπλοις
1529 4295 1813 4367 apparuit3
1858 4294 1926 4350 ef.
1946 4293 2220 4363 Ettigium
2242 4306 2460 4364 quoque
2497 4290 2535 4346 l.
2555 4290 2591 4345 1.
2631 4307 2683 4361 p.
2704 4289 2829 4358 293,
2856 4288 2909 4345 5.

845 4390 889 4458 ²)
929 4387 1010 4443 Cf.
1053 4388 1420 4456 Skutschium,
1456 4384 1683 4453 Ennius,
1719 4384 1898 4454 Pauly
1937 4382 2201 4438 Wissowa
2237 4380 2471 4452 p..2eo4
2509 4396 2627 4450 sqq.

840 4478 886 4547 ⁸)
924 4477 1009 4536 Oi.
1048 4475 1415 4544 Skutschium,
1451 4475 1675 4531 ibidem.
