3242 5059
1152 432 1235 501 ·.·
1332 396 1637 464 103—

254 590 400 673 (Sil.
460 591 620 657 XIII
669 592 795 658 393
832 596 1015 678 sqq),
1089 595 1369 660 Eteocles
1440 614 1551 682 per
1618 594 1926 660 Tiresiam
1984 592 2209 659 Laium
2281 590 2511 658 excitat

252 701 555 780 trepidus
620 712 885 765 monstro
932 714 986 765 et
1053 705 1250 765 variis
1295 701 1634 766 terroribus
1689 705 1899 785 impar
1945 699 2128 782 (Stat.
2179 700 2373 764 Theb.
2423 699 2510 764 IV

252 809 390 872 406
432 808 627 892 sqq).
746 809 1088 874 Pausanias
1147 808 1525 885 Cleonicam‚
1596 828 1788 893 quam
1857 810 2090 872 temere
2162 808 2507 888 necaverat,

252 912 319 977 in
376 915 651 979 somniis
697 919 955 981 vexatus
1006 918 1220 981 evocat
1266 918 1461 998 (Plut.
1515 916 1673 981 Cim.
1726 916 1815 998 6).
1912 916 2076 979 Nero
2133 935 2312 997 saepe
2367 935 2510 976 con-

248 1022 468 1103 fes-sm
516 1033 599 1084 est
668 1025 981 1107 eoeayitari
1024 1044 1087 1086 se
1158 1036 1437 1087 materna
1480 1026 1695 1107 specie,
1771 1022 2113 1086 verberibus
2159 1021 2512 1085 Furiarum

250 1151 327 1191 ac
377 1129 589 1191 taedis
634 1130 1009 1194 ardent-ibus.
1114 1132 1287 1216 Quin
1332 1142 1385 1193 et
1429 1132 1595 1213 facto
1635 1152 1754 1213 per
1797 1152 2012 1215 maqos
2041 1150 2216 1192 sacro
2264 1149 2508 1192 evocare

251 1257 485 1299 manes
552 1248 605 1299 et
674 1258 924 1300 exorare
992 1241 1264 1319 tentavit,
1336 1240 1409 1302 ut
1478 1239 1692 1302 narrat
1762 1236 2096 1301 Suetonius
2147 1235 2324 1319 (Ner.
2376 1236 2507 1316 34).

254 1342 600 1407 Caracalla
649 1344 935 1409 affinium
1007 1344 1251 1409 umbris
1301 1345 1672 1428 perterritus
1736 1362 1837 1409 eos
1885 1343 2318 1409 necromantea
2365 1361 2510 1406 con-

254 1451 429 1515 sulit
480 1451 625 1531 (Dio
675 1451 844 1517 Cass.
893 1452 1219 1518 LXXVIII
1273 1456 1397 1531 15).

454 1576 634 1641 Nunc
684 1579 761 1642 ad
810 1579 1198 1643 evocationes
1245 1580 1411 1662 ipsas
1460 1576 1932 1662 aggrediamur!

453 1702 545 1765 De
594 1702 851 1767 Homeri
908 1706 969 1767 et
1017 1704 1354 1768 Nostorum
1402 1705 1619 1787 poetae
1681 1702 1900 1785 necyia
1947 1700 2199 1785 supra¹)
2263 1699 2508 1782 scripsi.

454 1824 643 1891 Darei
715 1830 990 1893 evocatio
1010 1829 1053 1909 ²)
1129 1830 1442 1913 (Aeschyl.
1518 1831 1690 1893 PerS.
1745 1849 1798 1892 v.
1850 1829 1976 1893 598
2015 1830 2183 1912 sqq.)
2253 1826 2509 1892 Homeri

256 1935 543 2017 exempli
591 1934 822 1999 similis
874 1938 986 2016 est,
1059 1957 1203 2001 nam
1256 1937 1479 2001 Atossa
1529 1938 1645 2017 lac,
1724 1935 1870 2018 mel,
1943 1955 2192 2019 aquam,
2268 1934 2508 2017 vinum,

255 2043 453 2107 flores
525 2052 604 2123 (v.
661 2046 785 2107 611
824 2047 990 2126 sqq.)
1066 2044 1403 2108 sacrificari
1473 2044 1650 2108 iubet
1720 2045 1782 2108 et
1828 2043 2106 2126 chorum,
2178 2044 2250 2107 ut
2320 2044 2508 2107 cantu

258 2148 548 2213 Dareum
597 2151 828 2230 eliciat,
879 2151 1248 2215 adhortatur
1298 2171 1417 2234 quo
1466 2151 1673 2232 Pluto,
1724 2150 2076 2215 Mercurius
2125 2149 2360 2233 aliique
2408 2148 2506 2213 in-

258 2257 547 2321 ferorum
598 2256 696 2321 dei
766 2257 1207 2342 implorantur.
1306 2258 1395 2323 De
1454 2258 1706 2322 fabulae
1776 2276 1934 2342 quae
1983 2256 2347 2342 Ψυχαγωγοί
2409 2256 2508 2321 in-

256 2364 569 2429 scribitur
616 2366 970 2429 evocatione
1018 2365 1179 2429 nihil
1229 2367 1488 2431 constat.

455 2489 794 2554 Periander
842 2490 903 2553 in
954 2494 1426 2555 necromanteae
1474 2491 1724 2556 oraculo
1784 2491 1862 2554 ad
1912 2491 2227 2554 Avernum
2274 2490 2506 2555 flumen

261 2596 601 2661 Melissam
651 2617 901 2662 uxorem
930 2599 1223 2679 consulit,
1272 2602 1343 2662 ut
1377 2599 1500 2662 sibi
1532 2599 1887 2682 depositum
1919 2598 2225 2662 monstret
2250 2598 2506 2679 (Herod.

264 2703 319 2763 V
375 2705 481 2783 92,
541 2707 663 2785 17).

451 2829 838 2894 Protesilaus
855 2829 902 2911 ³)
936 2834 1024 2909 (in
1075 2833 1290 2915 Eurip.
1328 2832 1596 2912 ProteS.)
1645 2833 1722 2895 ab
1758 2850 1941 2896 uxore
1989 2851 2061 2896 ex
2096 2830 2313 2894 inferis
2363 2850 2504 2895 evo-

263 2938 471 3016 catur,
518 2938 591 3000 ut
623 2936 914 3003 Welcker
947 2942 1155 3003 censet
1171 2940 1256 3027 ⁴);
1305 2941 1514 3022 ipsum
1549 2940 1719 3021 deoS,
1767 2938 1842 3003 ut
1873 2937 1997 3003 sibi
2031 2937 2250 3002 liceret
2285 2936 2507 3019 redire,

262 3062 478 3109 orasse
526 3043 962 3130 Baehrensii⁴)
1012 3047 1325 3111 sententia
1372 3049 1484 3112 est.

450 3168 767 3233 Achillem
838 3172 903 3234 in
976 3172 1152 3235 Accii
1223 3172 1573 3236 Troadibus
1647 3173 1971 3236 evocatum
2041 3189 2174 3235 esse
2248 3170 2510 3236 minime

264 3278 510 3339 certum
545 3275 785 3360 puto⁵);
835 3278 901 3341 in
941 3278 1241 3363 Epigonis
1278 3279 1695 3363 Amphiaraus
1743 3297 1780 3341 a
1821 3278 2123 3343 fratribus
2172 3277 2508 3344 advocatus

262 3382 521 3446 videtur
568 3403 719 3450 esse.

448 3507 747 3574 Horatius
796 3513 937 3591 (sat.
988 3512 1016 3574 I
1066 3514 1127 3591 8,
1177 3512 1259 3575 23
1295 3515 1459 3596 sqq.)
1511 3512 2000 3577 incantationem
2035 3512 2297 3594 eiusque
2329 3531 2506 3595 prae-

262 3616 623 3698 parationes
685 3616 1016 3683 describit:
1090 3639 1272 3702 maga
1321 3621 1586 3703 pedibus
1661 3619 1849 3684 nudis
1899 3637 2206 3704 passoque
2277 3619 2509 3703 capillo

264 3726 459 3805 atque
493 3726 628 3787 atra
660 3726 831 3789 veste
864 3725 1125 3790 indutus
1159 3726 1388 3791 terram
1418 3726 1738 3810 unguibus
1774 3728 2002 3811 scalpit
2052 3728 2112 3792 et
2146 3744 2376 3808 agnam
2410 3727 2506 3791 di-

263 3828 474 3909 vellit,
524 3848 704 3895 cruor
750 3835 967 3896 manat
998 3832 1065 3896 in
1112 3833 1363 3913 fossam,
1410 3833 1649 3898 Hecata
1698 3836 1759 3898 et
1791 3834 2132 3918 Tisiphone
2183 3835 2506 3899 vocantur.

448 4116 489 4186 ¹)
530 4116 612 4172 Cf.
651 4134 702 4187 p.
742 4118 772 4169 7
813 4123 870 4173 et
908 4121 939 4173 9
978 4124 1093 4174 not.
1142 4124 1185 4174 1.

449 4205 496 4273 ⁸)
536 4205 619 4261 ct.
657 4222 824 4277 supra
861 4225 911 4278 p.
958 4211 1023 4263 10
1049 4226 1166 4281 sqq.

449 4294 493 4363 ⁸)
534 4294 616 4350 cf.
656 4314 823 4365 supra
859 4316 909 4369 p.
956 4299 1037 4355 18.

447 4384 492 4453 ⁴>
532 4383 615 4441 Cf.
655 4402 823 4458 supra
861 4406 913 4459 p.
949 4388 1010 4443 18
1036 4394 1150 4443 not.
1177 4389 1227 4444 4.

444 4474 493 4545 ⁸)
530 4474 615 4535 Of.
653 4492 821 4549 supra
856 4497 914 4551 p.
940 4478 1007 4535 26
1032 4482 1147 4535 not.
1179 4483 1225 4535 1.
