3242 5059
1188 404 1268 419 ...
1359 364 1487 455 105
1615 404 1697 417 ...

306 512 552 631 bellum
602 566 1167 651 Thebanorumque
1248 566 1593 631 victoriam
1644 564 2068 663 praenuntiat,
2140 564 2216 629 de
2279 562 2576 646 nepotum
2625 542 2628 545 ⁴

324 676 539 738 antem
588 675 787 738 morte
836 675 1018 738 tacet.

510 780 855 869 Pausanias
905 778 1263 847 Cleonicam
1312 801 1383 847 ex
1431 780 1652 845 inferis
1709 779 1883 843 elicit
1933 783 2014 861 et,
2057 779 2163 843 'ut
2211 777 2335 843 sibi
2388 775 2577 841 irasci

325 888 597 969 desinat,
649 890 784 951 orat
830 887 1035 969 (Plut.
1086 886 1245 953 Cim.
1298 888 1383 968 6).

510 995 674 1059 Nero
722 995 945 1059 matris
976 997 1269 1059 umbram
1319 1014 1389 1059 ex
1421 995 1642 1059 inferis
1677 994 1830 1058 citat
1879 992 2074 1074 (Suet.
2101 992 2251 1057 Ner.
2303 990 2439 1075 34).

507 1101 783 1165 Videndi
830 1102 1179 1183 cupiditate
1228 1104 1448 1184 captus
1498 1102 1656 1185 Apio
1705 1092 1930 1184 mag'us
1979 1101 2322 1165 Homerum
2371 1097 2562 1179 elicit,

323 1209 402 1271 ut
449 1209 871 1293 percontetur,
920 1228 1189 1291 quanam
1237 1210 1444 1292 patria
1508 1209 1863 1292 quibusque
1897 1206 2262 1291 parentibus
2305 1205 2558 1290 genitus

327 1315 411 1379 sit
464 1316 660 1395 (Plin.
712 1335 774 1379 n.
825 1314 885 1380 h.
936 1316 1113 1381 XXX
1164 1319 1223 1395 2,
1284 1318 1404 1397 18).

501 1423 876 1488 Accuratius
912 1424 1228 1487 Lucianus
1277 1422 1581 1506 (Philops.
1632 1427 1738 1505 14)
1790 1424 2290 1488 necromanteam
2338 1421 2571 1486 descri-

318 1532 440 1613 bit,
491 1551 633 1614 qua,
685 1551 829 1596 cum
876 1532 1029 1596 luna
1076 1531 1263 1615 plena
1310 1532 1423 1608 est,
1473 1530 1642 1595 fossa
1693 1531 1947 1596 ducitur
1994 1552 2030 1595 a
2062 1549 2246 1615 mago
2296 1529 2566 1613 quodam

317 1641 384 1704 et
410 1639 708 1703 Glauciae
754 1640 930 1721 pater
978 1639 1321 1721 cogitur3
1373 1638 1423 1702 is
1474 1639 1678 1721 primo
1726 1639 2070 1723 indignans
2119 1637 2390 1720 denique
2437 1635 2571 1719 pla-

322 1748 500 1812 catus
549 1747 667 1811 filii
717 1764 963 1812 uxorem
1018 1746 1270 1811 ducturi
1320 1764 1591 1811 amorem
1643 1747 1885 1829 probat.

502 1854 824 1919 Caracalla
903 1876 1043 1920 cum
1118 1858 1333 1921 morbo
1411 1864 1546 1919 tum
1631 1854 1828 1937 patris
1902 1853 2240 1938 fratrisque
2306 1850 2568 1938 spectris

321 1965 580 2026 vexatus
629 1963 828 2046 patris
878 1963 1273 2047 aliorumque
1321 1966 1575 2028 umbras
1625 1983 1695 2027 ex
1741 1963 2001 2027 Tartaro
2049 1963 2298 2042 excitat,
2341 1964 2417 2026 ut
2441 1959 2539 2025 sib

320 2069 695 2134 medeantur
765 2089 968 2153 neque
1038 2090 1180 2135 vero
1230 2071 1564 2155 quisquam
1613 2070 1738 2135 nisi
1786 2070 2164 2135 Commodus
2215 2089 2357 2134 enm
2406 2067 2564 2133 allo-

318 2176 541 2259 quitur
592 2177 739 2257 (Dio
789 2176 959 2241 Cass
1009 2177 1337 2242 LXXVIII
1385 2180 1513 2260 15).

501 2284 784 2349 Eundem
859 2284 1301 2367 imperatorem
1372 2286 1659 2350 Materno
1707 2285 1958 2349 cuidam
2005 2283 2424 2365 mandavisse,
2491 2285 2565 2348 ut

324 2380 610 2455 manium
640 2390 1100 2455 consultatione
1149 2391 1224 2457 de
1256 2392 1423 2457 vitae
1470 2393 1640 2458 exitu
1673 2392 2100 2456 sciscitaretur
2132 2396 2216 2473 et,
2267 2390 2562 2475 numquis

320 2516 591 2579 regnum
627 2500 967 2581 appeteret,
1019 2501 1365 2582 quaereret,
1417 2500 1812 2564 Herodianus
1861 2498 1973 2580 (IV
2013 2500 2190 2583 124)
2223 2496 2566 2563 memoriae

316 2605 615 2688 prodidit.

495 2713 803 2778 Homerus
853 2712 1104 2778 Ulixem
1174 2713 1525 2779 evocaviss‘e
1596 2714 1830 2779 dicitur
1878 2713 2077 2798 (Phil.
2128 2713 2375 2779 Heroic.
2411 2715 2561 2779 tom.

316 2819 380 2882 II
428 2821 523 2884 ed.
593 2820 779 2903 KayS.
832 2840 898 2902 p.
941 2821 1095 2903 195)
1160 2822 1365 2903 atque,
1419 2822 1571 2905 quid
1604 2822 1685 2885 ad
1709 2822 1960 2885 Troiam
1996 2821 2313 2905 gessisset,
2364 2822 2555 2885 inter-

306 2927 664 3008 rogavisse3
712 2926 960 2992 Ulixem
1011 2931 1223 2993 autem
1268 2947 1342 2992 ea
1377 2928 1740 2993 condicione
1777 2929 2148 3011 narravisse,
2196 2930 2271 2992 ut
2317 2930 2395 2993 ab
2427 2927 2557 2993 Ho-

316 3052 486 3097 mero
538 3034 598 3096 in
627 3033 1015 3099 carminibus
1063 3035 1195 3099 suis
1244 3034 1667 3101 celebraretur
1692 3034 1763 3119 ι).

504 3138 1043 3206 Commemoratur
1075 3143 1239 3225 apud
1277 3142 1700 3208 Claudianum
1735 3144 1928 3222 locus,
1965 3162 2086 3226 quo
2119 3142 2334 3208 Ulixes
2360 3144 2559 3208 fertur

641 3268 947 3351 sanquine
994 3266 1182 3331 libato
1226 3268 1531 3351 populum
1576 3271 1829 3332 movi-sse
1873 3269 2151 3331 silentem

304 3387 397 3468 (in
455 3388 600 3460 Rus,
651 3389 679 3452 Ι
733 3392 854 3455 123
904 3391 1144 3475 sqq.)²).

486 3496 577 3560 De
628 3498 983 3563 evocatione
1032 3517 1191 3582 quae
1248 3503 1341 3564 est
1395 3502 1461 3565 in
1513 3500 1759 3565 Cratini
1811 3500 2191 3567 Chironibus
2240 3503 2302 3566 et
2349 3502 2555 3586 Eupo-

307 3602 457 3666 lidis
513 3602 729 3667 Demis
780 3603 921 3669 vide
969 3624 1028 3688 p.
1071 3607 1149 3669 19
1198 3608 1261 3671 et
1308 3626 1636 3673 excursum
1684 3608 1962 3673 tertium.

486 3709 833 3775 Nonnullis
907 3711 1061 3777 locis
1121 3712 1168 3777 ii
1216 3733 1460 3797 quoque
1508 3715 1971 3799 significantur,
2030 3716 2141 3800 qui
2188 3737 2402 3783 manes
2451 3737 2552 3783 ex-

306 3820 500 3883 citare
578 3819 863 3900 possunt,
942 3822 1015 3881 ut
1076 3819 1341 3903 AppiuS,
1423 3819 1739 3887 Ciceronis
1812 3823 2051 3888 amicus
2122 3823 2282 3908 (Cic.
2361 3826 2555 3890 Tusc.

305 3925 336 3989 I
389 3925 631 4008 16,37),
716 3944 867 4011 saga
914 3926 1243 4010 quaedam,
1316 3928 1392 3993 de
1462 3949 1586 4013 qua
1633 3931 1914 4014 loquitur
1944 3931 2241 3998 Tibullus
2291 3932 2347 4014 (I
2396 3934 2548 4015 243

304 4034 469 4117 sqq.)
516 4032 697 4098 haec:

487 4264 529 4332 ¹)
569 4264 650 4319 De
686 4264 859 4322 Ulixis
920 4268 978 4324 in
1015 4268 1182 4340 Epiro
1220 4277 1604 4328 necromantem
1657 4273 1905 4347 loquitur
1942 4276 2253 4335 Cassandra
2286 4278 2345 4333 in
2385 4277 2553 4350 Lyco-

314 4350 546 4423 phronis
584 4353 890 4410 Alexandra
926 4362 995 4421 (v.
1034 4358 1178 4427 799).

482 4440 527 4511 ²)
566 4442 650 4498 Cf.
690 4460 860 4516 supra
896 4463 951 4517 p.
992 4447 1079 4504 72.
